ts_recv,ts_event,rtype,publisher_id,instrument_id,action,side,depth,price,size,flags,ts_in_delta,sequence,bid_px_00,ask_px_00,bid_sz_00,ask_sz_00,bid_ct_00,ask_ct_00,symbol
2026-01-26T00:00:00.040787031Z,2026-01-26T00:00:00.040537801Z,1,1,7311,T,B,0,52665.000000000,1,0,13893,1960953,52655.000000000,52665.000000000,1,1,1,1,NIYH6
2026-01-26T00:00:00.041683577Z,2026-01-26T00:00:00.041371811Z,1,1,7311,T,B,0,52675.000000000,3,0,12951,1960981,52660.000000000,52675.000000000,2,3,2,3,NIYH6
2026-01-26T00:00:00.065522298Z,2026-01-26T00:00:00.065193683Z,1,1,7311,T,B,0,52685.000000000,1,0,15258,1961272,52675.000000000,52685.000000000,4,1,3,1,NIYH6
2026-01-26T00:00:00.124987288Z,2026-01-26T00:00:00.124750777Z,1,1,7311,T,A,0,52675.000000000,3,0,12980,1961606,52675.000000000,52685.000000000,3,2,2,2,NIYH6
2026-01-26T00:00:00.339019687Z,2026-01-26T00:00:00.338786779Z,1,1,7311,T,A,0,52665.000000000,1,0,13026,1962240,52665.000000000,52675.000000000,1,3,1,3,NIYH6
2026-01-26T00:00:00.371274050Z,2026-01-26T00:00:00.371020213Z,1,1,7311,T,B,0,52670.000000000,1,0,13331,1962356,52665.000000000,52670.000000000,1,2,1,2,NIYH6
2026-01-26T00:00:00.371358204Z,2026-01-26T00:00:00.371022785Z,1,1,7311,T,B,0,52670.000000000,1,0,13933,1962357,52665.000000000,52670.000000000,1,1,1,1,NIYH6
2026-01-26T00:00:00.421733104Z,2026-01-26T00:00:00.421517215Z,1,1,7311,T,A,0,52665.000000000,1,0,13039,1962522,52665.000000000,52675.000000000,1,2,1,2,NIYH6
2026-01-26T00:00:00.579547418Z,2026-01-26T00:00:00.579338903Z,1,1,7311,T,A,0,52660.000000000,1,0,12817,1963124,52660.000000000,52670.000000000,1,2,1,2,NIYH6
2026-01-26T00:00:00.762557514Z,2026-01-26T00:00:00.762349671Z,1,1,7311,T,A,0,52655.000000000,1,0,13119,1963849,52655.000000000,52665.000000000,1,3,1,3,NIYH6
2026-01-26T00:00:00.958191862Z,2026-01-26T00:00:00.957973179Z,1,1,7311,T,B,0,52660.000000000,1,0,12915,1964215,52650.000000000,52660.000000000,2,1,2,1,NIYH6
2026-01-26T00:00:01.326239827Z,2026-01-26T00:00:01.325980729Z,1,1,7311,T,A,0,52650.000000000,2,0,12704,1965640,52650.000000000,52660.000000000,2,3,2,3,NIYH6
2026-01-26T00:00:01.414971096Z,2026-01-26T00:00:01.414704119Z,1,1,7311,T,A,0,52645.000000000,2,0,12997,1965850,52645.000000000,52660.000000000,6,2,4,2,NIYH6
2026-01-26T00:00:01.653532796Z,2026-01-26T00:00:01.653294707Z,1,1,7311,T,A,0,52660.000000000,1,0,12976,1966578,52660.000000000,52670.000000000,1,3,1,3,NIYH6
2026-01-26T00:00:02.051202297Z,2026-01-26T00:00:02.050928623Z,1,1,7311,T,B,0,52665.000000000,1,0,12712,1967200,52655.000000000,52665.000000000,3,1,3,1,NIYH6
2026-01-26T00:00:02.072394129Z,2026-01-26T00:00:02.072163931Z,1,1,7311,T,A,0,52665.000000000,1,0,12910,1967359,52665.000000000,52675.000000000,1,1,1,1,NIYH6
2026-01-26T00:00:02.161629325Z,2026-01-26T00:00:02.161373379Z,1,1,7311,T,B,0,52670.000000000,1,0,12734,1967795,52660.000000000,52670.000000000,3,1,3,1,NIYH6
2026-01-26T00:00:02.973669822Z,2026-01-26T00:00:02.973437859Z,1,1,7311,T,B,0,52670.000000000,1,0,13275,1969072,52655.000000000,52670.000000000,5,1,5,1,NIYH6
2026-01-26T00:00:03.052113126Z,2026-01-26T00:00:03.051544219Z,1,1,7311,T,B,0,52680.000000000,1,0,12953,1969237,52660.000000000,52680.000000000,4,2,4,2,NIYH6
2026-01-26T00:00:03.196967554Z,2026-01-26T00:00:03.196738569Z,1,1,7311,T,A,0,52670.000000000,1,0,12974,1969745,52670.000000000,52680.000000000,1,2,1,2,NIYH6
2026-01-26T00:00:03.734767768Z,2026-01-26T00:00:03.734526263Z,1,1,7311,T,A,0,52665.000000000,1,0,13129,1971025,52665.000000000,52675.000000000,1,3,1,3,NIYH6
2026-01-26T00:00:03.841206548Z,2026-01-26T00:00:03.840988583Z,1,1,7311,T,A,0,52660.000000000,1,0,13161,1971083,52660.000000000,52670.000000000,1,2,1,2,NIYH6
2026-01-26T00:00:03.995398282Z,2026-01-26T00:00:03.995210949Z,1,1,7311,T,B,0,52665.000000000,1,0,12855,1971225,52655.000000000,52665.000000000,2,1,2,1,NIYH6
2026-01-26T00:00:04.053109316Z,2026-01-26T00:00:04.052865217Z,1,1,7311,T,B,0,52670.000000000,1,0,13076,1971348,52655.000000000,52670.000000000,4,1,4,1,NIYH6
2026-01-26T00:00:04.410250598Z,2026-01-26T00:00:04.410027385Z,1,1,7311,T,A,0,52675.000000000,1,0,12987,1972091,52675.000000000,52685.000000000,1,2,1,2,NIYH6
2026-01-26T00:00:04.755284781Z,2026-01-26T00:00:04.755037303Z,1,1,7311,T,B,0,52690.000000000,1,0,13252,1972831,52680.000000000,52690.000000000,2,1,2,1,NIYH6
2026-01-26T00:00:05.159899997Z,2026-01-26T00:00:05.159639203Z,1,1,7311,T,A,0,52690.000000000,1,0,12855,1973998,52690.000000000,52700.000000000,1,3,1,3,NIYH6
2026-01-26T00:00:06.094256405Z,2026-01-26T00:00:06.093994047Z,1,1,7311,T,B,0,52695.000000000,1,0,13330,1975174,52685.000000000,52695.000000000,1,1,1,1,NIYH6
2026-01-26T00:00:07.371195331Z,2026-01-26T00:00:07.370932023Z,1,1,7311,T,B,0,52700.000000000,1,0,13980,1976054,52685.000000000,52700.000000000,3,1,3,1,NIYH6
2026-01-26T00:00:07.436475699Z,2026-01-26T00:00:07.436242003Z,1,1,7311,T,A,0,52695.000000000,1,0,13550,1976431,52695.000000000,52705.000000000,1,3,1,3,NIYH6
2026-01-26T00:00:08.889061665Z,2026-01-26T00:00:08.888800999Z,1,1,7311,T,A,0,52690.000000000,1,0,13750,1978077,52690.000000000,52705.000000000,2,1,2,1,NIYH6
2026-01-26T00:00:10.851268743Z,2026-01-26T00:00:10.851007295Z,1,1,7311,T,B,0,52685.000000000,1,0,12905,1979870,52675.000000000,52685.000000000,3,1,3,1,NIYH6
2026-01-26T00:00:11.089108306Z,2026-01-26T00:00:11.088869949Z,1,1,7311,T,A,0,52680.000000000,1,0,15034,1980113,52680.000000000,52690.000000000,1,2,1,2,NIYH6
2026-01-26T00:00:13.053931584Z,2026-01-26T00:00:13.053677039Z,1,1,7311,T,B,0,52680.000000000,1,0,13003,1981193,52670.000000000,52680.000000000,3,1,3,1,NIYH6
2026-01-26T00:00:17.452516561Z,2026-01-26T00:00:17.452292785Z,1,1,7311,T,B,0,52680.000000000,1,0,12661,1984616,52670.000000000,52680.000000000,1,1,1,1,NIYH6
2026-01-26T00:00:17.695568153Z,2026-01-26T00:00:17.695354599Z,1,1,7311,T,B,0,52685.000000000,1,0,12589,1984759,52675.000000000,52685.000000000,2,1,2,1,NIYH6
2026-01-26T00:00:18.623590624Z,2026-01-26T00:00:18.623348611Z,1,1,7311,T,A,0,52680.000000000,1,0,13001,1985069,52680.000000000,52690.000000000,1,3,1,3,NIYH6
2026-01-26T00:00:19.050806988Z,2026-01-26T00:00:19.050471233Z,1,1,7311,T,B,0,52685.000000000,2,0,13050,1985426,52670.000000000,52685.000000000,2,2,2,2,NIYH6
2026-01-26T00:00:19.844696755Z,2026-01-26T00:00:19.844471885Z,1,1,7311,T,B,0,52695.000000000,2,0,12770,1986036,52685.000000000,52695.000000000,3,5,3,1,NIYH6
2026-01-26T00:00:19.844731973Z,2026-01-26T00:00:19.844472481Z,1,1,7311,T,B,0,52695.000000000,2,0,15817,1986037,52685.000000000,52695.000000000,3,3,3,1,NIYH6
2026-01-26T00:00:19.845117596Z,2026-01-26T00:00:19.844753057Z,1,1,7311,T,B,0,52695.000000000,1,0,11585,1986056,52690.000000000,52695.000000000,4,1,4,1,NIYH6
2026-01-26T00:00:20.133639503Z,2026-01-26T00:00:20.133364527Z,1,1,7311,T,A,0,52700.000000000,2,0,13309,1986587,52700.000000000,52710.000000000,2,2,2,2,NIYH6
2026-01-26T00:00:20.133785431Z,2026-01-26T00:00:20.133368249Z,1,1,7311,T,A,0,52695.000000000,2,0,12158,1986589,52695.000000000,52705.000000000,2,1,2,1,NIYH6
2026-01-26T00:00:20.134940174Z,2026-01-26T00:00:20.133892369Z,1,1,7311,T,A,0,52690.000000000,1,0,17019,1986607,52690.000000000,52705.000000000,1,5,1,5,NIYH6
2026-01-26T00:00:23.635757873Z,2026-01-26T00:00:23.635518973Z,1,1,7311,T,B,0,52700.000000000,1,0,12771,1988732,52690.000000000,52700.000000000,2,1,2,1,NIYH6
2026-01-26T00:00:24.963144764Z,2026-01-26T00:00:24.962871393Z,1,1,7311,T,B,0,52720.000000000,1,0,13393,1989709,52710.000000000,52720.000000000,2,1,2,1,NIYH6
2026-01-26T00:00:25.244784652Z,2026-01-26T00:00:25.244536669Z,1,1,7311,T,B,0,52725.000000000,1,0,12980,1989943,52715.000000000,52725.000000000,2,1,2,1,NIYH6
2026-01-26T00:00:28.319170344Z,2026-01-26T00:00:28.318915413Z,1,1,7311,T,A,0,52710.000000000,1,0,13764,1992130,52710.000000000,52720.000000000,1,2,1,2,NIYH6
2026-01-26T00:00:33.035760274Z,2026-01-26T00:00:33.035517735Z,1,1,7311,T,A,0,52710.000000000,1,0,13361,1995296,52710.000000000,52720.000000000,1,2,1,2,NIYH6
2026-01-26T00:00:33.541944488Z,2026-01-26T00:00:33.541560203Z,1,1,7311,T,A,0,52690.000000000,1,0,13585,1996205,52690.000000000,52695.000000000,1,2,1,1,NIYH6
2026-01-26T00:00:33.578976751Z,2026-01-26T00:00:33.578537555Z,1,1,7311,T,B,0,52695.000000000,4,0,14138,1996864,52680.000000000,52695.000000000,2,4,2,3,NIYH6
2026-01-26T00:00:33.578976751Z,2026-01-26T00:00:33.578537555Z,1,1,7311,T,B,0,52700.000000000,4,0,14138,1996864,52680.000000000,52695.000000000,2,4,2,3,NIYH6
2026-01-26T00:00:33.578976751Z,2026-01-26T00:00:33.578537555Z,1,1,7311,T,B,0,52705.000000000,4,0,14138,1996864,52680.000000000,52695.000000000,2,4,2,3,NIYH6
2026-01-26T00:00:33.784643377Z,2026-01-26T00:00:33.784377595Z,1,1,7311,T,B,0,52695.000000000,1,0,12884,1997367,52685.000000000,52695.000000000,3,1,3,1,NIYH6
2026-01-26T00:00:34.318806214Z,2026-01-26T00:00:34.318578175Z,1,1,7311,T,B,0,52700.000000000,1,0,12049,1997861,52690.000000000,52700.000000000,3,1,3,1,NIYH6
2026-01-26T00:00:34.320353315Z,2026-01-26T00:00:34.320159533Z,1,1,7311,T,A,0,52695.000000000,1,0,13040,1997920,52695.000000000,52705.000000000,1,1,1,1,NIYH6
2026-01-26T00:00:34.988042894Z,2026-01-26T00:00:34.987772035Z,1,1,7311,T,B,0,52700.000000000,1,0,15181,1998522,52690.000000000,52700.000000000,2,1,2,1,NIYH6
2026-01-26T00:00:35.050831104Z,2026-01-26T00:00:35.050527379Z,1,1,7311,T,B,0,52710.000000000,1,0,13242,1998604,52695.000000000,52710.000000000,3,1,3,1,NIYH6
2026-01-26T00:00:35.336215956Z,2026-01-26T00:00:35.335959161Z,1,1,7311,T,A,0,52710.000000000,1,0,13370,1999231,52710.000000000,52720.000000000,1,1,1,1,NIYH6
2026-01-26T00:00:36.273672263Z,2026-01-26T00:00:36.273422485Z,1,1,7311,T,A,0,52705.000000000,1,0,13072,2000001,52705.000000000,52715.000000000,1,1,1,1,NIYH6
2026-01-26T00:00:38.082344810Z,2026-01-26T00:00:38.080487999Z,1,1,7311,T,B,0,52710.000000000,1,0,13442,2001051,52700.000000000,52710.000000000,3,1,3,1,NIYH6
2026-01-26T00:00:38.652236439Z,2026-01-26T00:00:38.651967105Z,1,1,7311,T,A,0,52700.000000000,1,0,13486,2002550,52700.000000000,52710.000000000,1,2,1,2,NIYH6
2026-01-26T00:00:39.810171282Z,2026-01-26T00:00:39.809950731Z,1,1,7311,T,B,0,52705.000000000,1,0,12831,2004006,52695.000000000,52705.000000000,2,1,2,1,NIYH6
2026-01-26T00:00:41.869948460Z,2026-01-26T00:00:41.869709823Z,1,1,7311,T,B,0,52710.000000000,1,0,11977,2005780,52700.000000000,52710.000000000,2,1,2,1,NIYH6
2026-01-26T00:00:41.872862899Z,2026-01-26T00:00:41.872651573Z,1,1,7311,T,B,0,52720.000000000,1,0,12873,2005897,52710.000000000,52720.000000000,3,1,3,1,NIYH6
2026-01-26T00:00:42.634655226Z,2026-01-26T00:00:42.634400187Z,1,1,7311,T,B,0,52715.000000000,1,0,13729,2006819,52705.000000000,52715.000000000,3,1,3,1,NIYH6
2026-01-26T00:00:43.050823338Z,2026-01-26T00:00:43.050511123Z,1,1,7311,T,B,0,52725.000000000,1,0,13504,2007246,52710.000000000,52725.000000000,2,1,2,1,NIYH6
2026-01-26T00:00:43.051893022Z,2026-01-26T00:00:43.051071261Z,1,1,7311,T,B,0,52730.000000000,1,0,13198,2007308,52725.000000000,52730.000000000,2,4,2,2,NIYH6
2026-01-26T00:00:43.052018729Z,2026-01-26T00:00:43.051156621Z,1,1,7311,T,B,0,52730.000000000,2,0,14721,2007310,52725.000000000,52730.000000000,2,3,2,2,NIYH6
2026-01-26T00:00:43.052165878Z,2026-01-26T00:00:43.051358883Z,1,1,7311,T,B,0,52730.000000000,1,0,16653,2007313,52725.000000000,52730.000000000,3,1,3,1,NIYH6
2026-01-26T00:00:43.055760575Z,2026-01-26T00:00:43.055481361Z,1,1,7311,T,A,0,52725.000000000,1,0,13125,2007451,52725.000000000,52735.000000000,1,2,1,2,NIYH6
2026-01-26T00:00:43.060768980Z,2026-01-26T00:00:43.060561857Z,1,1,7311,T,A,0,52720.000000000,1,0,13065,2007519,52720.000000000,52730.000000000,1,2,1,2,NIYH6
2026-01-26T00:00:47.624648706Z,2026-01-26T00:00:47.624381529Z,1,1,7311,T,B,0,52710.000000000,1,0,15915,2011475,52700.000000000,52710.000000000,2,1,2,1,NIYH6
2026-01-26T00:00:49.800970156Z,2026-01-26T00:00:49.800745759Z,1,1,7311,T,B,0,52680.000000000,1,0,13098,2013494,52670.000000000,52680.000000000,2,1,2,1,NIYH6
2026-01-26T00:00:49.874238152Z,2026-01-26T00:00:49.873810619Z,1,1,7311,T,B,0,52685.000000000,1,0,14786,2013563,52675.000000000,52685.000000000,3,1,3,1,NIYH6
2026-01-26T00:00:50.051019078Z,2026-01-26T00:00:50.050717499Z,1,1,7311,T,B,0,52690.000000000,2,0,13988,2013894,52675.000000000,52690.000000000,2,4,2,4,NIYH6
2026-01-26T00:00:50.479573668Z,2026-01-26T00:00:50.478329391Z,1,1,7311,T,A,0,52675.000000000,1,0,15147,2014311,52675.000000000,52685.000000000,1,4,1,3,NIYH6
2026-01-26T00:00:51.337133237Z,2026-01-26T00:00:51.336893545Z,1,1,7311,T,B,0,52670.000000000,1,0,13062,2015400,52660.000000000,52670.000000000,2,2,2,1,NIYH6
2026-01-26T00:00:51.337200679Z,2026-01-26T00:00:51.336909345Z,1,1,7311,T,B,0,52670.000000000,1,0,15813,2015401,52660.000000000,52670.000000000,3,1,3,1,NIYH6
2026-01-26T00:00:53.050606471Z,2026-01-26T00:00:53.050379569Z,1,1,7311,T,B,0,52670.000000000,1,0,13052,2016740,52665.000000000,52670.000000000,1,1,1,1,NIYH6
2026-01-26T00:01:00.278569324Z,2026-01-26T00:01:00.278333335Z,1,1,7311,T,A,0,52640.000000000,1,0,12983,2022975,52640.000000000,52650.000000000,1,4,1,4,NIYH6
2026-01-26T00:01:00.516635058Z,2026-01-26T00:01:00.515931365Z,1,1,7311,T,A,0,52625.000000000,1,0,12960,2023667,52625.000000000,52635.000000000,1,3,1,3,NIYH6
2026-01-26T00:01:01.075849065Z,2026-01-26T00:01:01.075575667Z,1,1,7311,T,B,0,52630.000000000,1,0,13047,2024472,52620.000000000,52630.000000000,1,1,1,1,NIYH6
2026-01-26T00:01:01.076118282Z,2026-01-26T00:01:01.075764123Z,1,1,7311,T,A,0,52625.000000000,1,0,12752,2024482,52625.000000000,52635.000000000,1,2,1,2,NIYH6
2026-01-26T00:01:01.326012391Z,2026-01-26T00:01:01.325783211Z,1,1,7311,T,A,0,52620.000000000,1,0,12577,2024823,52620.000000000,52630.000000000,1,3,1,3,NIYH6
2026-01-26T00:01:01.326276654Z,2026-01-26T00:01:01.326026213Z,1,1,7311,T,A,0,52615.000000000,3,0,13323,2024827,52615.000000000,52630.000000000,3,4,3,4,NIYH6
2026-01-26T00:01:01.334709484Z,2026-01-26T00:01:01.334485047Z,1,1,7311,T,A,0,52610.000000000,1,0,12912,2024892,52610.000000000,52620.000000000,1,1,1,1,NIYH6
2026-01-26T00:01:02.105001198Z,2026-01-26T00:01:02.104562645Z,1,1,7311,T,B,0,52630.000000000,1,0,13943,2026459,52615.000000000,52630.000000000,4,1,4,1,NIYH6
2026-01-26T00:01:02.243029752Z,2026-01-26T00:01:02.242055831Z,1,1,7311,T,N,0,52625.000000000,4,0,22015,2026764,52625.000000000,52640.000000000,4,2,4,2,NIYH6
2026-01-26T00:01:02.355240084Z,2026-01-26T00:01:02.354985445Z,1,1,7311,T,A,0,52620.000000000,1,0,13182,2026984,52620.000000000,52630.000000000,1,3,1,3,NIYH6
2026-01-26T00:01:02.512621634Z,2026-01-26T00:01:02.512354737Z,1,1,7311,T,B,0,52630.000000000,1,0,12846,2027135,52625.000000000,52630.000000000,1,1,1,1,NIYH6
2026-01-26T00:01:03.218513118Z,2026-01-26T00:01:03.218259141Z,1,1,7311,T,A,0,52630.000000000,1,0,16615,2028302,52630.000000000,52640.000000000,1,4,1,4,NIYH6
2026-01-26T00:01:03.685435009Z,2026-01-26T00:01:03.685206041Z,1,1,7311,T,A,0,52625.000000000,1,0,13144,2028748,52625.000000000,52635.000000000,1,2,1,2,NIYH6
2026-01-26T00:01:05.268534780Z,2026-01-26T00:01:05.268199557Z,1,1,7311,T,A,0,52620.000000000,2,0,13077,2030353,52620.000000000,52635.000000000,2,1,2,1,NIYH6
2026-01-26T00:01:05.268534780Z,2026-01-26T00:01:05.268199557Z,1,1,7311,T,A,0,52615.000000000,2,0,13077,2030353,52620.000000000,52635.000000000,2,1,2,1,NIYH6
2026-01-26T00:01:05.699429415Z,2026-01-26T00:01:05.699192401Z,1,1,7311,T,B,0,52625.000000000,1,0,13640,2031037,52615.000000000,52625.000000000,4,1,4,1,NIYH6
2026-01-26T00:01:06.613930832Z,2026-01-26T00:01:06.613673647Z,1,1,7311,T,B,0,52625.000000000,1,0,13222,2032253,52615.000000000,52625.000000000,2,1,2,1,NIYH6
2026-01-26T00:01:07.050750602Z,2026-01-26T00:01:07.050451731Z,1,1,7311,T,B,0,52635.000000000,1,0,12728,2032881,52615.000000000,52635.000000000,4,2,4,2,NIYH6
2026-01-26T00:01:07.101125547Z,2026-01-26T00:01:07.100866807Z,1,1,7311,T,B,0,52645.000000000,1,0,11969,2033250,52630.000000000,52645.000000000,3,1,3,1,NIYH6
2026-01-26T00:01:07.377207892Z,2026-01-26T00:01:07.376970785Z,1,1,7311,T,A,0,52645.000000000,1,0,12829,2033863,52645.000000000,52655.000000000,1,3,1,3,NIYH6
2026-01-26T00:01:10.015073858Z,2026-01-26T00:01:10.014783349Z,1,1,7311,T,A,0,52675.000000000,1,0,14310,2037265,52675.000000000,52685.000000000,1,2,1,2,NIYH6
2026-01-26T00:01:10.021736747Z,2026-01-26T00:01:10.021466461Z,1,1,7311,T,A,0,52670.000000000,2,0,14225,2037371,52670.000000000,52680.000000000,2,3,2,3,NIYH6
2026-01-26T00:01:11.231963867Z,2026-01-26T00:01:11.231716205Z,1,1,7311,T,A,0,52660.000000000,1,0,12810,2038964,52660.000000000,52670.000000000,1,2,1,2,NIYH6
2026-01-26T00:01:14.769977806Z,2026-01-26T00:01:14.769797881Z,1,1,7311,T,B,0,52635.000000000,1,0,12682,2042191,52625.000000000,52635.000000000,1,1,1,1,NIYH6
2026-01-26T00:01:15.792483729Z,2026-01-26T00:01:15.792264045Z,1,1,7311,T,B,0,52635.000000000,1,0,12834,2043390,52625.000000000,52635.000000000,2,1,2,1,NIYH6
2026-01-26T00:01:18.030427836Z,2026-01-26T00:01:18.030167837Z,1,1,7311,T,A,0,52615.000000000,1,0,12935,2046210,52615.000000000,52625.000000000,1,3,1,3,NIYH6
2026-01-26T00:01:18.534311707Z,2026-01-26T00:01:18.532945249Z,1,1,7311,T,B,0,52620.000000000,1,0,21701,2047126,52610.000000000,52620.000000000,3,1,3,1,NIYH6
2026-01-26T00:01:18.933367893Z,2026-01-26T00:01:18.933157093Z,1,1,7311,T,A,0,52620.000000000,1,0,13176,2048127,52620.000000000,52630.000000000,1,3,1,3,NIYH6
2026-01-26T00:01:19.639943485Z,2026-01-26T00:01:19.639717779Z,1,1,7311,T,B,0,52620.000000000,2,0,13155,2049706,52610.000000000,52620.000000000,3,2,3,2,NIYH6
2026-01-26T00:01:20.571826546Z,2026-01-26T00:01:20.571552377Z,1,1,7311,T,B,0,52630.000000000,2,0,12662,2051332,52620.000000000,52630.000000000,3,2,3,2,NIYH6
2026-01-26T00:01:23.050764003Z,2026-01-26T00:01:23.050498213Z,1,1,7311,T,B,0,52615.000000000,1,0,15085,2054868,52600.000000000,52615.000000000,2,1,2,1,NIYH6
2026-01-26T00:01:23.051272645Z,2026-01-26T00:01:23.050865395Z,1,1,7311,T,A,0,52615.000000000,1,0,15554,2054885,52615.000000000,52620.000000000,1,2,1,2,NIYH6
2026-01-26T00:01:23.051459175Z,2026-01-26T00:01:23.051019085Z,1,1,7311,T,B,0,52620.000000000,1,0,14681,2054888,52610.000000000,52620.000000000,1,2,1,2,NIYH6
2026-01-26T00:01:23.051790112Z,2026-01-26T00:01:23.051244073Z,1,1,7311,T,B,0,52620.000000000,1,0,14312,2054894,52610.000000000,52620.000000000,1,1,1,1,NIYH6
2026-01-26T00:01:23.052387869Z,2026-01-26T00:01:23.051585613Z,1,1,7311,T,A,0,52620.000000000,1,0,14520,2054909,52620.000000000,52625.000000000,2,2,1,2,NIYH6
2026-01-26T00:01:23.052548496Z,2026-01-26T00:01:23.051820897Z,1,1,7311,T,A,0,52620.000000000,1,0,16968,2054911,52620.000000000,52625.000000000,1,1,1,1,NIYH6
2026-01-26T00:01:23.053553432Z,2026-01-26T00:01:23.053349053Z,1,1,7311,T,A,0,52615.000000000,1,0,12804,2054940,52615.000000000,52620.000000000,1,2,1,1,NIYH6
2026-01-26T00:01:23.066206800Z,2026-01-26T00:01:23.065991629Z,1,1,7311,T,B,0,52620.000000000,2,0,13742,2055021,52605.000000000,52620.000000000,3,2,3,2,NIYH6
2026-01-26T00:01:23.793189347Z,2026-01-26T00:01:23.791771339Z,1,1,7311,T,A,0,52600.000000000,1,0,15688,2056153,52600.000000000,52610.000000000,1,2,1,2,NIYH6
2026-01-26T00:01:24.694612956Z,2026-01-26T00:01:24.694205027Z,1,1,7311,T,A,0,52595.000000000,1,0,14707,2058851,52595.000000000,52610.000000000,2,4,2,4,NIYH6
2026-01-26T00:01:24.695151902Z,2026-01-26T00:01:24.694592015Z,1,1,7311,T,A,0,52595.000000000,1,0,13386,2058882,52595.000000000,52605.000000000,1,2,1,2,NIYH6
2026-01-26T00:01:28.395136022Z,2026-01-26T00:01:28.394779729Z,1,1,7311,T,A,0,52605.000000000,1,0,13462,2064232,52605.000000000,52615.000000000,1,2,1,2,NIYH6
2026-01-26T00:01:28.395136022Z,2026-01-26T00:01:28.394779729Z,1,1,7311,T,A,0,52600.000000000,5,0,13462,2064232,52605.000000000,52615.000000000,1,2,1,2,NIYH6
2026-01-26T00:01:28.395325301Z,2026-01-26T00:01:28.395094365Z,1,1,7311,T,B,0,52600.000000000,2,0,13236,2064235,52595.000000000,52600.000000000,6,2,5,1,NIYH6
2026-01-26T00:01:28.453447095Z,2026-01-26T00:01:28.453222621Z,1,1,7311,T,B,0,52610.000000000,1,0,13454,2064434,52600.000000000,52610.000000000,3,1,2,1,NIYH6
2026-01-26T00:01:29.374609661Z,2026-01-26T00:01:29.374368597Z,1,1,7311,T,B,0,52610.000000000,1,0,12669,2065217,52600.000000000,52610.000000000,4,1,3,1,NIYH6
2026-01-26T00:01:35.328528565Z,2026-01-26T00:01:35.328292817Z,1,1,7311,T,B,0,52645.000000000,1,0,13605,2073361,52635.000000000,52645.000000000,3,1,3,1,NIYH6
2026-01-26T00:01:36.050479391Z,2026-01-26T00:01:36.050238059Z,1,1,7311,T,B,0,52650.000000000,1,0,15218,2073856,52640.000000000,52650.000000000,3,1,3,1,NIYH6
2026-01-26T00:01:39.209560457Z,2026-01-26T00:01:39.209268339Z,1,1,7311,T,B,0,52650.000000000,1,0,12988,2077361,52640.000000000,52650.000000000,3,1,3,1,NIYH6
2026-01-26T00:01:39.697843946Z,2026-01-26T00:01:39.697596401Z,1,1,7311,T,A,0,52640.000000000,1,0,14657,2077693,52640.000000000,52655.000000000,3,6,3,6,NIYH6
2026-01-26T00:01:39.880179650Z,2026-01-26T00:01:39.879931917Z,1,1,7311,T,A,0,52640.000000000,1,0,12720,2077918,52640.000000000,52655.000000000,2,6,2,6,NIYH6
2026-01-26T00:01:40.062553761Z,2026-01-26T00:01:40.062333477Z,1,1,7311,T,A,0,52640.000000000,1,0,12957,2078068,52640.000000000,52655.000000000,1,6,1,6,NIYH6
2026-01-26T00:01:40.845498158Z,2026-01-26T00:01:40.845174457Z,1,1,7311,T,B,0,52655.000000000,6,0,13277,2078964,52650.000000000,52655.000000000,1,8,1,8,NIYH6
2026-01-26T00:01:40.845577380Z,2026-01-26T00:01:40.845187207Z,1,1,7311,T,B,0,52655.000000000,1,0,16089,2078965,52650.000000000,52655.000000000,2,2,2,2,NIYH6
2026-01-26T00:01:40.845577380Z,2026-01-26T00:01:40.845193389Z,1,1,7311,T,B,0,52655.000000000,1,0,16089,2078965,52650.000000000,52655.000000000,2,1,2,1,NIYH6
2026-01-26T00:01:42.618401059Z,2026-01-26T00:01:42.618189813Z,1,1,7311,T,B,0,52655.000000000,1,0,13747,2080642,52650.000000000,52655.000000000,1,1,1,1,NIYH6
2026-01-26T00:01:42.779166485Z,2026-01-26T00:01:42.778936565Z,1,1,7311,T,A,0,52660.000000000,1,0,14212,2080883,52660.000000000,52665.000000000,1,6,1,6,NIYH6
2026-01-26T00:01:42.940973927Z,2026-01-26T00:01:42.940748661Z,1,1,7311,T,B,0,52665.000000000,1,0,13713,2081201,52660.000000000,52665.000000000,1,4,1,4,NIYH6
2026-01-26T00:01:42.941301684Z,2026-01-26T00:01:42.941051933Z,1,1,7311,T,B,0,52665.000000000,3,0,13185,2081213,52660.000000000,52665.000000000,3,3,3,3,NIYH6
2026-01-26T00:01:43.159064992Z,2026-01-26T00:01:43.158834011Z,1,1,7311,T,A,0,52670.000000000,1,0,12631,2081767,52670.000000000,52680.000000000,1,4,1,4,NIYH6
2026-01-26T00:01:47.806763706Z,2026-01-26T00:01:47.806462243Z,1,1,7311,T,B,0,52660.000000000,3,0,13180,2086783,52645.000000000,52660.000000000,1,3,1,3,NIYH6
2026-01-26T00:01:47.807120185Z,2026-01-26T00:01:47.806781523Z,1,1,7311,T,A,0,52660.000000000,2,0,12721,2086797,52660.000000000,52665.000000000,2,3,1,3,NIYH6
2026-01-26T00:01:48.027825745Z,2026-01-26T00:01:48.027585433Z,1,1,7311,T,B,0,52665.000000000,1,0,12616,2087076,52660.000000000,52665.000000000,1,1,1,1,NIYH6
2026-01-26T00:01:48.408323241Z,2026-01-26T00:01:48.408095331Z,1,1,7311,T,A,0,52660.000000000,1,0,12928,2087357,52660.000000000,52670.000000000,1,2,1,2,NIYH6
2026-01-26T00:01:50.445716752Z,2026-01-26T00:01:50.445428033Z,1,1,7311,T,B,0,52660.000000000,1,0,15301,2089599,52650.000000000,52660.000000000,4,1,2,1,NIYH6
2026-01-26T00:01:50.445716752Z,2026-01-26T00:01:50.445428033Z,1,1,7311,T,B,0,52665.000000000,1,0,15301,2089599,52650.000000000,52660.000000000,4,1,2,1,NIYH6
2026-01-26T00:01:51.342605709Z,2026-01-26T00:01:51.342358977Z,1,1,7311,T,A,0,52650.000000000,1,0,13775,2090197,52650.000000000,52660.000000000,4,3,2,3,NIYH6
2026-01-26T00:01:51.342843945Z,2026-01-26T00:01:51.342614863Z,1,1,7311,T,A,0,52650.000000000,3,0,12847,2090201,52650.000000000,52655.000000000,3,1,1,1,NIYH6
2026-01-26T00:01:52.430517100Z,2026-01-26T00:01:52.430269309Z,1,1,7311,T,A,0,52650.000000000,1,0,11610,2091132,52650.000000000,52655.000000000,1,2,1,2,NIYH6
2026-01-26T00:01:52.455509211Z,2026-01-26T00:01:52.455215365Z,1,1,7311,T,B,0,52650.000000000,1,0,13043,2091400,52640.000000000,52650.000000000,3,2,3,2,NIYH6
2026-01-26T00:01:52.455585493Z,2026-01-26T00:01:52.455287553Z,1,1,7311,T,B,0,52650.000000000,1,0,15459,2091401,52640.000000000,52650.000000000,3,1,3,1,NIYH6
2026-01-26T00:01:52.613189412Z,2026-01-26T00:01:52.612927119Z,1,1,7311,T,B,0,52660.000000000,1,0,12979,2091612,52645.000000000,52660.000000000,2,3,2,3,NIYH6
2026-01-26T00:01:52.959120970Z,2026-01-26T00:01:52.958741099Z,1,1,7311,T,A,0,52660.000000000,1,0,12742,2092150,52660.000000000,52670.000000000,1,4,1,4,NIYH6
2026-01-26T00:01:53.811385245Z,2026-01-26T00:01:53.811160757Z,1,1,7311,T,B,0,52675.000000000,1,0,13127,2092976,52665.000000000,52675.000000000,3,1,3,1,NIYH6
2026-01-26T00:01:55.257773173Z,2026-01-26T00:01:55.257562453Z,1,1,7311,T,A,0,52665.000000000,1,0,12982,2093739,52665.000000000,52675.000000000,1,2,1,2,NIYH6
2026-01-26T00:01:56.746323261Z,2026-01-26T00:01:56.746053981Z,1,1,7311,T,B,0,52670.000000000,1,0,13424,2094770,52655.000000000,52670.000000000,3,1,3,1,NIYH6
2026-01-26T00:01:57.918284608Z,2026-01-26T00:01:57.918034369Z,1,1,7311,T,B,0,52675.000000000,1,0,15627,2095591,52665.000000000,52675.000000000,1,2,1,2,NIYH6
2026-01-26T00:01:58.430398288Z,2026-01-26T00:01:58.429560593Z,1,1,7311,T,N,0,52665.000000000,1,0,12677,2095882,52665.000000000,52675.000000000,1,4,1,3,NIYH6
2026-01-26T00:01:58.434155255Z,2026-01-26T00:01:58.433856957Z,1,1,7311,T,A,0,52660.000000000,1,0,13434,2096011,52660.000000000,52670.000000000,1,2,1,2,NIYH6
2026-01-26T00:01:58.434155255Z,2026-01-26T00:01:58.433856957Z,1,1,7311,T,A,0,52655.000000000,1,0,13434,2096011,52660.000000000,52670.000000000,1,2,1,2,NIYH6
2026-01-26T00:01:58.453630865Z,2026-01-26T00:01:58.453402393Z,1,1,7311,T,B,0,52655.000000000,1,0,12916,2096199,52645.000000000,52655.000000000,2,2,2,1,NIYH6
2026-01-26T00:01:58.453840879Z,2026-01-26T00:01:58.453633723Z,1,1,7311,T,B,0,52655.000000000,1,0,13096,2096202,52645.000000000,52655.000000000,3,1,3,1,NIYH6
2026-01-26T00:01:59.432266453Z,2026-01-26T00:01:59.431994667Z,1,1,7311,T,B,0,52660.000000000,1,0,15127,2096770,52645.000000000,52660.000000000,1,2,1,2,NIYH6
2026-01-26T00:02:01.076253460Z,2026-01-26T00:02:01.076028487Z,1,1,7311,T,A,0,52635.000000000,1,0,12849,2098609,52635.000000000,52645.000000000,1,3,1,3,NIYH6
2026-01-26T00:02:01.164908458Z,2026-01-26T00:02:01.164658953Z,1,1,7311,T,B,0,52640.000000000,1,0,13008,2098681,52630.000000000,52640.000000000,3,1,3,1,NIYH6
2026-01-26T00:02:01.929179410Z,2026-01-26T00:02:01.928916951Z,1,1,7311,T,B,0,52650.000000000,1,0,12908,2099652,52640.000000000,52650.000000000,1,2,1,2,NIYH6
2026-01-26T00:02:06.621489338Z,2026-01-26T00:02:06.621133747Z,1,1,7311,T,A,0,52650.000000000,1,0,14004,2103942,52650.000000000,52660.000000000,1,4,1,4,NIYH6
2026-01-26T00:02:06.646537724Z,2026-01-26T00:02:06.646302819Z,1,1,7311,T,B,0,52660.000000000,1,0,13037,2104125,52645.000000000,52660.000000000,2,2,2,2,NIYH6
2026-01-26T00:02:11.961385359Z,2026-01-26T00:02:11.961072343Z,1,1,7311,T,A,0,52660.000000000,1,0,12821,2108176,52660.000000000,52675.000000000,1,2,1,2,NIYH6
2026-01-26T00:02:12.465668633Z,2026-01-26T00:02:12.465386741Z,1,1,7311,T,B,0,52670.000000000,1,0,12749,2108598,52655.000000000,52670.000000000,4,1,4,1,NIYH6
2026-01-26T00:02:17.871886434Z,2026-01-26T00:02:17.871659207Z,1,1,7311,T,B,0,52690.000000000,1,0,13138,2113759,52675.000000000,52690.000000000,1,3,1,3,NIYH6
2026-01-26T00:02:21.955192341Z,2026-01-26T00:02:21.954982661Z,1,1,7311,T,B,0,52685.000000000,1,0,12666,2116737,52675.000000000,52685.000000000,3,1,3,1,NIYH6
2026-01-26T00:02:22.746338329Z,2026-01-26T00:02:22.745979939Z,1,1,7311,T,B,0,52690.000000000,1,0,14981,2117255,52680.000000000,52690.000000000,1,1,1,1,NIYH6
2026-01-26T00:02:23.294793452Z,2026-01-26T00:02:23.294511645Z,1,1,7311,T,B,0,52700.000000000,1,0,15209,2117551,52685.000000000,52700.000000000,2,2,2,2,NIYH6
2026-01-26T00:02:23.429416133Z,2026-01-26T00:02:23.429127949Z,1,1,7311,T,A,0,52690.000000000,1,0,12857,2117674,52690.000000000,52705.000000000,2,1,2,1,NIYH6
2026-01-26T00:02:23.429781936Z,2026-01-26T00:02:23.429467139Z,1,1,7311,T,A,0,52690.000000000,1,0,12882,2117700,52690.000000000,52700.000000000,1,2,1,2,NIYH6
2026-01-26T00:02:26.087440294Z,2026-01-26T00:02:26.087183939Z,1,1,7311,T,B,0,52685.000000000,1,0,15327,2120089,52675.000000000,52685.000000000,1,1,1,1,NIYH6
2026-01-26T00:02:32.976035995Z,2026-01-26T00:02:32.975144199Z,1,1,7311,T,N,0,52695.000000000,1,0,13931,2124177,52685.000000000,52695.000000000,2,1,2,1,NIYH6
2026-01-26T00:02:33.262207248Z,2026-01-26T00:02:33.261961797Z,1,1,7311,T,B,0,52700.000000000,1,0,13087,2124456,52695.000000000,52700.000000000,3,1,3,1,NIYH6
2026-01-26T00:02:33.262757261Z,2026-01-26T00:02:33.262558197Z,1,1,7311,T,A,0,52705.000000000,1,0,13334,2124477,52705.000000000,52710.000000000,1,4,1,4,NIYH6
2026-01-26T00:02:34.830721828Z,2026-01-26T00:02:34.830455717Z,1,1,7311,T,B,0,52710.000000000,1,0,14899,2125324,52695.000000000,52710.000000000,4,1,4,1,NIYH6
2026-01-26T00:02:35.085993114Z,2026-01-26T00:02:35.085622317Z,1,1,7311,T,B,0,52730.000000000,1,0,13316,2126450,52720.000000000,52730.000000000,3,1,3,1,NIYH6
2026-01-26T00:02:35.086006631Z,2026-01-26T00:02:35.085622317Z,1,1,7311,T,B,0,52740.000000000,4,0,11762,2126451,52720.000000000,52730.000000000,3,1,3,1,NIYH6
2026-01-26T00:02:35.086006631Z,2026-01-26T00:02:35.085622317Z,1,1,7311,T,B,0,52745.000000000,4,0,11762,2126451,52720.000000000,52730.000000000,3,1,3,1,NIYH6
2026-01-26T00:02:35.086013581Z,2026-01-26T00:02:35.085622317Z,1,1,7311,T,B,0,52745.000000000,1,0,11089,2126452,52720.000000000,52730.000000000,3,1,3,1,NIYH6
2026-01-26T00:02:35.482945295Z,2026-01-26T00:02:35.482674557Z,1,1,7311,T,A,0,52730.000000000,2,0,15750,2126907,52730.000000000,52740.000000000,2,4,2,4,NIYH6
2026-01-26T00:02:39.114685738Z,2026-01-26T00:02:39.114447319Z,1,1,7311,T,A,0,52730.000000000,1,0,13660,2130530,52730.000000000,52740.000000000,2,4,2,4,NIYH6
2026-01-26T00:02:39.114730495Z,2026-01-26T00:02:39.114459935Z,1,1,7311,T,A,0,52730.000000000,1,0,13047,2130531,52730.000000000,52740.000000000,1,4,1,4,NIYH6
2026-01-26T00:02:40.282713096Z,2026-01-26T00:02:40.282471255Z,1,1,7311,T,B,0,52740.000000000,1,0,12863,2131816,52725.000000000,52740.000000000,3,2,3,2,NIYH6
2026-01-26T00:02:41.679175720Z,2026-01-26T00:02:41.678928763Z,1,1,7311,T,B,0,52750.000000000,1,0,13042,2132663,52740.000000000,52750.000000000,1,4,1,3,NIYH6
2026-01-26T00:02:41.679540132Z,2026-01-26T00:02:41.679190867Z,1,1,7311,T,B,0,52750.000000000,2,0,12960,2132686,52740.000000000,52750.000000000,3,2,3,2,NIYH6
2026-01-26T00:02:42.580011290Z,2026-01-26T00:02:42.579820863Z,1,1,7311,T,A,0,52750.000000000,1,0,13533,2133824,52750.000000000,52760.000000000,1,5,1,5,NIYH6
2026-01-26T00:02:43.057213564Z,2026-01-26T00:02:43.056933503Z,1,1,7311,T,B,0,52760.000000000,3,0,12923,2134236,52750.000000000,52760.000000000,1,3,1,3,NIYH6
2026-01-26T00:02:43.057416382Z,2026-01-26T00:02:43.057190299Z,1,1,7311,T,A,0,52760.000000000,5,0,11901,2134238,52760.000000000,52765.000000000,5,5,1,4,NIYH6
2026-01-26T00:02:43.540383706Z,2026-01-26T00:02:43.540185777Z,1,1,7311,T,A,0,52750.000000000,1,0,13080,2134654,52750.000000000,52760.000000000,2,4,2,4,NIYH6
2026-01-26T00:02:43.540645173Z,2026-01-26T00:02:43.540397429Z,1,1,7311,T,A,0,52750.000000000,1,0,16395,2134657,52750.000000000,52760.000000000,1,5,1,5,NIYH6
2026-01-26T00:02:48.270643379Z,2026-01-26T00:02:48.270425339Z,1,1,7311,T,A,0,52760.000000000,1,0,12699,2138013,52760.000000000,52770.000000000,1,3,1,3,NIYH6
2026-01-26T00:02:48.409415321Z,2026-01-26T00:02:48.409207127Z,1,1,7311,T,A,0,52755.000000000,1,0,13385,2138113,52755.000000000,52765.000000000,1,3,1,3,NIYH6
2026-01-26T00:02:48.409703498Z,2026-01-26T00:02:48.409452127Z,1,1,7311,T,A,0,52750.000000000,1,0,12702,2138123,52750.000000000,52765.000000000,1,3,1,3,NIYH6
2026-01-26T00:02:50.582932679Z,2026-01-26T00:02:50.582687435Z,1,1,7311,T,B,0,52760.000000000,1,0,13159,2139392,52745.000000000,52760.000000000,1,4,1,4,NIYH6
2026-01-26T00:02:53.189385471Z,2026-01-26T00:02:53.189125543Z,1,1,7311,T,B,0,52775.000000000,1,0,14256,2140605,52765.000000000,52775.000000000,1,3,1,2,NIYH6
2026-01-26T00:02:53.189623869Z,2026-01-26T00:02:53.189325117Z,1,1,7311,T,B,0,52775.000000000,1,0,14303,2140609,52765.000000000,52775.000000000,1,2,1,1,NIYH6
2026-01-26T00:02:53.189739454Z,2026-01-26T00:02:53.189360771Z,1,1,7311,T,B,0,52775.000000000,1,0,14478,2140612,52765.000000000,52775.000000000,3,1,3,1,NIYH6
2026-01-26T00:02:55.124744502Z,2026-01-26T00:02:55.124501481Z,1,1,7311,T,A,0,52775.000000000,1,0,13005,2141691,52775.000000000,52785.000000000,1,3,1,3,NIYH6
2026-01-26T00:02:57.490132379Z,2026-01-26T00:02:57.489801431Z,1,1,7311,T,A,0,52765.000000000,1,0,19716,2142732,52765.000000000,52780.000000000,1,4,1,4,NIYH6
2026-01-26T00:03:01.168411827Z,2026-01-26T00:03:01.168191789Z,1,1,7311,T,A,0,52775.000000000,1,0,12803,2145997,52775.000000000,52780.000000000,1,1,1,1,NIYH6
2026-01-26T00:03:01.486430626Z,2026-01-26T00:03:01.486202039Z,1,1,7311,T,B,0,52785.000000000,2,0,13105,2146157,52775.000000000,52785.000000000,5,2,5,2,NIYH6
2026-01-26T00:03:02.051833200Z,2026-01-26T00:03:02.051581589Z,1,1,7311,T,B,0,52795.000000000,1,0,12990,2146877,52785.000000000,52795.000000000,3,10,3,1,NIYH6
2026-01-26T00:03:02.051881605Z,2026-01-26T00:03:02.051581993Z,1,1,7311,T,B,0,52795.000000000,3,0,13826,2146878,52785.000000000,52795.000000000,3,9,3,1,NIYH6
2026-01-26T00:03:02.052027486Z,2026-01-26T00:03:02.051821463Z,1,1,7311,T,B,0,52795.000000000,2,0,11849,2146881,52790.000000000,52795.000000000,1,6,1,1,NIYH6
2026-01-26T00:03:02.052396899Z,2026-01-26T00:03:02.052036071Z,1,1,7311,T,B,0,52795.000000000,2,0,12737,2146895,52790.000000000,52795.000000000,3,4,3,1,NIYH6
2026-01-26T00:03:02.052458266Z,2026-01-26T00:03:02.052042329Z,1,1,7311,T,B,0,52795.000000000,2,0,15863,2146896,52790.000000000,52795.000000000,3,2,3,1,NIYH6
2026-01-26T00:03:02.261194952Z,2026-01-26T00:03:02.260980003Z,1,1,7311,T,A,0,52800.000000000,2,0,13282,2147619,52800.000000000,52810.000000000,2,3,2,3,NIYH6
2026-01-26T00:03:02.582838791Z,2026-01-26T00:03:02.582616433Z,1,1,7311,T,A,0,52800.000000000,1,0,13116,2147904,52800.000000000,52810.000000000,1,4,1,4,NIYH6
2026-01-26T00:03:03.373045363Z,2026-01-26T00:03:03.372805065Z,1,1,7311,T,B,0,52815.000000000,1,0,13281,2149112,52800.000000000,52815.000000000,2,3,2,3,NIYH6
2026-01-26T00:03:03.491480072Z,2026-01-26T00:03:03.491263009Z,1,1,7311,T,A,0,52800.000000000,1,0,12896,2149315,52800.000000000,52810.000000000,1,4,1,4,NIYH6
2026-01-26T00:03:05.282246695Z,2026-01-26T00:03:05.282020969Z,1,1,7311,T,A,0,52795.000000000,1,0,13656,2151559,52795.000000000,52805.000000000,1,3,1,3,NIYH6
2026-01-26T00:03:05.454767853Z,2026-01-26T00:03:05.454513305Z,1,1,7311,T,A,0,52800.000000000,1,0,12844,2151789,52800.000000000,52810.000000000,1,4,1,4,NIYH6
2026-01-26T00:03:08.656105995Z,2026-01-26T00:03:08.655886825Z,1,1,7311,T,B,0,52800.000000000,1,0,13251,2154110,52790.000000000,52800.000000000,2,1,2,1,NIYH6
2026-01-26T00:03:14.050893336Z,2026-01-26T00:03:14.050649387Z,1,1,7311,T,B,0,52800.000000000,1,0,12797,2157434,52790.000000000,52800.000000000,3,1,3,1,NIYH6
2026-01-26T00:03:15.114346378Z,2026-01-26T00:03:15.114051487Z,1,1,7311,T,A,0,52805.000000000,2,0,12971,2158678,52805.000000000,52815.000000000,2,2,2,2,NIYH6
2026-01-26T00:03:16.378991395Z,2026-01-26T00:03:16.378731381Z,1,1,7311,T,B,0,52800.000000000,1,0,12934,2159693,52795.000000000,52800.000000000,1,1,1,1,NIYH6
2026-01-26T00:03:17.225506744Z,2026-01-26T00:03:17.225276913Z,1,1,7311,T,B,0,52805.000000000,1,0,12725,2160366,52795.000000000,52805.000000000,3,1,3,1,NIYH6
2026-01-26T00:03:20.277807326Z,2026-01-26T00:03:20.277419841Z,1,1,7311,T,A,0,52800.000000000,2,0,15526,2162101,52800.000000000,52815.000000000,2,2,2,2,NIYH6
2026-01-26T00:03:20.277939108Z,2026-01-26T00:03:20.277460441Z,1,1,7311,T,A,0,52795.000000000,2,0,13703,2162103,52795.000000000,52815.000000000,2,2,2,2,NIYH6
2026-01-26T00:03:20.280259752Z,2026-01-26T00:03:20.279988315Z,1,1,7311,T,A,0,52790.000000000,1,0,13072,2162190,52790.000000000,52800.000000000,1,1,1,1,NIYH6
2026-01-26T00:03:20.302950680Z,2026-01-26T00:03:20.302729177Z,1,1,7311,T,B,0,52800.000000000,1,0,13275,2162302,52780.000000000,52800.000000000,9,1,5,1,NIYH6
2026-01-26T00:03:22.065562983Z,2026-01-26T00:03:22.065319175Z,1,1,7311,T,A,0,52780.000000000,5,0,12568,2164030,52780.000000000,52790.000000000,5,2,1,2,NIYH6
2026-01-26T00:03:22.954374567Z,2026-01-26T00:03:22.954141023Z,1,1,7311,T,A,0,52775.000000000,1,0,15921,2164809,52775.000000000,52785.000000000,1,2,1,2,NIYH6
2026-01-26T00:03:23.226395693Z,2026-01-26T00:03:23.226147655Z,1,1,7311,T,A,0,52775.000000000,1,0,13581,2165042,52775.000000000,52780.000000000,1,2,1,2,NIYH6
2026-01-26T00:03:27.997119537Z,2026-01-26T00:03:27.996888889Z,1,1,7311,T,B,0,52800.000000000,1,0,13396,2167969,52790.000000000,52800.000000000,3,2,3,2,NIYH6
2026-01-26T00:03:27.997170591Z,2026-01-26T00:03:27.996889677Z,1,1,7311,T,B,0,52800.000000000,1,0,13531,2167970,52790.000000000,52800.000000000,3,1,3,1,NIYH6
2026-01-26T00:03:32.288620864Z,2026-01-26T00:03:32.288386165Z,1,1,7311,T,B,0,52795.000000000,1,0,13158,2171262,52785.000000000,52795.000000000,4,1,4,1,NIYH6
2026-01-26T00:03:35.528269481Z,2026-01-26T00:03:35.528009803Z,1,1,7311,T,B,0,52820.000000000,1,0,13972,2173792,52810.000000000,52820.000000000,2,1,2,1,NIYH6
2026-01-26T00:03:41.059450736Z,2026-01-26T00:03:41.059217609Z,1,1,7311,T,B,0,52805.000000000,2,0,12687,2177649,52800.000000000,52805.000000000,3,2,3,1,NIYH6
2026-01-26T00:03:41.390176794Z,2026-01-26T00:03:41.389948885Z,1,1,7311,T,B,0,52815.000000000,1,0,12645,2177961,52805.000000000,52815.000000000,3,1,2,1,NIYH6
2026-01-26T00:03:46.113670441Z,2026-01-26T00:03:46.113422579Z,1,1,7311,T,B,0,52835.000000000,1,0,13730,2180658,52825.000000000,52835.000000000,1,2,1,2,NIYH6
2026-01-26T00:03:46.114294194Z,2026-01-26T00:03:46.114008865Z,1,1,7311,T,B,0,52835.000000000,1,0,13117,2180693,52830.000000000,52835.000000000,1,1,1,1,NIYH6
2026-01-26T00:03:52.167297431Z,2026-01-26T00:03:52.167056771Z,1,1,7311,T,A,0,52835.000000000,1,0,12651,2183396,52835.000000000,52845.000000000,1,3,1,3,NIYH6
2026-01-26T00:03:52.629086793Z,2026-01-26T00:03:52.628834601Z,1,1,7311,T,B,0,52845.000000000,1,0,12720,2183694,52835.000000000,52845.000000000,2,1,2,1,NIYH6
2026-01-26T00:03:54.785175717Z,2026-01-26T00:03:54.784930861Z,1,1,7311,T,A,0,52845.000000000,1,0,14740,2184938,52845.000000000,52860.000000000,1,1,1,1,NIYH6
2026-01-26T00:03:54.785416426Z,2026-01-26T00:03:54.785194561Z,1,1,7311,T,B,0,52845.000000000,1,0,14970,2184944,52840.000000000,52845.000000000,4,1,4,1,NIYH6
2026-01-26T00:03:57.023737379Z,2026-01-26T00:03:57.023509367Z,1,1,7311,T,B,0,52855.000000000,1,0,13011,2186482,52845.000000000,52855.000000000,2,1,2,1,NIYH6
2026-01-26T00:03:58.338111541Z,2026-01-26T00:03:58.337862539Z,1,1,7311,T,A,0,52855.000000000,1,0,14931,2187257,52855.000000000,52870.000000000,2,1,2,1,NIYH6
2026-01-26T00:03:58.850063696Z,2026-01-26T00:03:58.849806351Z,1,1,7311,T,A,0,52850.000000000,1,0,16014,2187553,52850.000000000,52865.000000000,1,3,1,3,NIYH6
2026-01-26T00:03:59.066971216Z,2026-01-26T00:03:59.066639539Z,1,1,7311,T,B,0,52860.000000000,1,0,16941,2187865,52850.000000000,52860.000000000,2,1,2,1,NIYH6
2026-01-26T00:03:59.067258694Z,2026-01-26T00:03:59.066642489Z,1,1,7311,T,B,0,52865.000000000,1,0,15160,2187870,52860.000000000,52865.000000000,1,1,1,1,NIYH6
2026-01-26T00:03:59.069098488Z,2026-01-26T00:03:59.068011311Z,1,1,7311,T,A,0,52865.000000000,1,0,17160,2187897,52865.000000000,52880.000000000,3,7,2,4,NIYH6
2026-01-26T00:04:00.951201651Z,2026-01-26T00:04:00.950979219Z,1,1,7311,T,A,0,52865.000000000,1,0,13194,2189436,52865.000000000,52875.000000000,2,3,2,3,NIYH6
2026-01-26T00:04:00.951238859Z,2026-01-26T00:04:00.951045513Z,1,1,7311,T,A,0,52865.000000000,1,0,13179,2189437,52865.000000000,52875.000000000,1,3,1,3,NIYH6
2026-01-26T00:04:02.081276008Z,2026-01-26T00:04:02.081014487Z,1,1,7311,T,B,0,52880.000000000,5,0,12958,2191124,52870.000000000,52880.000000000,5,5,5,2,NIYH6
2026-01-26T00:04:02.324206817Z,2026-01-26T00:04:02.323971285Z,1,1,7311,T,B,0,52885.000000000,1,0,12973,2191608,52875.000000000,52885.000000000,3,1,3,1,NIYH6
2026-01-26T00:04:04.355526936Z,2026-01-26T00:04:04.355155955Z,1,1,7311,T,B,0,52880.000000000,1,0,21819,2193270,52870.000000000,52880.000000000,2,1,2,1,NIYH6
2026-01-26T00:04:04.356098213Z,2026-01-26T00:04:04.355532277Z,1,1,7311,T,B,0,52885.000000000,1,0,14569,2193282,52880.000000000,52885.000000000,3,2,2,2,NIYH6
2026-01-26T00:04:04.356228744Z,2026-01-26T00:04:04.355547755Z,1,1,7311,T,B,0,52885.000000000,1,0,17638,2193284,52880.000000000,52885.000000000,3,1,2,1,NIYH6
2026-01-26T00:04:04.357216148Z,2026-01-26T00:04:04.356456773Z,1,1,7311,T,A,0,52885.000000000,1,0,14364,2193307,52885.000000000,52890.000000000,1,3,1,3,NIYH6
2026-01-26T00:04:04.357327641Z,2026-01-26T00:04:04.356680809Z,1,1,7311,T,A,0,52880.000000000,2,0,17062,2193308,52880.000000000,52890.000000000,2,3,2,3,NIYH6
2026-01-26T00:04:04.363947685Z,2026-01-26T00:04:04.363727697Z,1,1,7311,T,B,0,52885.000000000,1,0,12917,2193355,52880.000000000,52885.000000000,1,2,1,2,NIYH6
2026-01-26T00:04:04.364840961Z,2026-01-26T00:04:04.364561343Z,1,1,7311,T,B,0,52885.000000000,1,0,12873,2193380,52880.000000000,52885.000000000,1,1,1,1,NIYH6
2026-01-26T00:04:04.364840961Z,2026-01-26T00:04:04.364561343Z,1,1,7311,T,B,0,52890.000000000,1,0,12873,2193380,52880.000000000,52885.000000000,1,1,1,1,NIYH6
2026-01-26T00:04:04.377414922Z,2026-01-26T00:04:04.377187447Z,1,1,7311,T,B,0,52890.000000000,1,0,13039,2193472,52885.000000000,52890.000000000,3,1,3,1,NIYH6
2026-01-26T00:04:06.205536426Z,2026-01-26T00:04:06.205283923Z,1,1,7311,T,A,0,52870.000000000,1,0,13423,2195711,52870.000000000,52880.000000000,1,3,1,3,NIYH6
2026-01-26T00:04:09.965187610Z,2026-01-26T00:04:09.964964853Z,1,1,7311,T,A,0,52855.000000000,1,0,13826,2199580,52855.000000000,52865.000000000,1,5,1,5,NIYH6
2026-01-26T00:04:11.309627809Z,2026-01-26T00:04:11.309372091Z,1,1,7311,T,A,0,52850.000000000,1,0,13062,2201148,52850.000000000,52860.000000000,1,3,1,3,NIYH6
2026-01-26T00:04:11.524928511Z,2026-01-26T00:04:11.524622401Z,1,1,7311,T,A,0,52840.000000000,1,0,12965,2201469,52840.000000000,52850.000000000,1,2,1,2,NIYH6
2026-01-26T00:04:13.690704957Z,2026-01-26T00:04:13.690469453Z,1,1,7311,T,A,0,52845.000000000,1,0,12985,2203209,52845.000000000,52855.000000000,1,6,1,5,NIYH6
2026-01-26T00:04:17.213932888Z,2026-01-26T00:04:17.213694865Z,1,1,7311,T,B,0,52850.000000000,1,0,13066,2206957,52835.000000000,52850.000000000,5,1,5,1,NIYH6
2026-01-26T00:04:17.953044342Z,2026-01-26T00:04:17.952810247Z,1,1,7311,T,A,0,52840.000000000,1,0,12480,2207801,52840.000000000,52845.000000000,1,3,1,3,NIYH6
2026-01-26T00:04:18.640020062Z,2026-01-26T00:04:18.639785145Z,1,1,7311,T,A,0,52835.000000000,3,0,13389,2208282,52835.000000000,52840.000000000,3,3,3,2,NIYH6
2026-01-26T00:04:21.778237613Z,2026-01-26T00:04:21.777997163Z,1,1,7311,T,B,0,52845.000000000,1,0,13039,2210234,52835.000000000,52845.000000000,4,1,4,1,NIYH6
2026-01-26T00:04:22.174830583Z,2026-01-26T00:04:22.174569119Z,1,1,7311,T,B,0,52850.000000000,2,0,13152,2210796,52835.000000000,52850.000000000,5,2,5,2,NIYH6
2026-01-26T00:04:22.347313588Z,2026-01-26T00:04:22.347097505Z,1,1,7311,T,B,0,52850.000000000,1,0,12743,2211058,52845.000000000,52850.000000000,2,1,2,1,NIYH6
2026-01-26T00:04:27.387946612Z,2026-01-26T00:04:27.387670769Z,1,1,7311,T,A,0,52815.000000000,2,0,13013,2214238,52815.000000000,52830.000000000,3,2,3,2,NIYH6
2026-01-26T00:04:27.388242216Z,2026-01-26T00:04:27.387962499Z,1,1,7311,T,A,0,52815.000000000,1,0,12907,2214247,52815.000000000,52830.000000000,1,3,1,3,NIYH6
2026-01-26T00:04:33.475707578Z,2026-01-26T00:04:33.475468235Z,1,1,7311,T,A,0,52805.000000000,1,0,12783,2217553,52805.000000000,52815.000000000,4,1,4,1,NIYH6
2026-01-26T00:04:33.475914199Z,2026-01-26T00:04:33.475665641Z,1,1,7311,T,A,0,52805.000000000,1,0,13067,2217557,52805.000000000,52815.000000000,3,3,3,3,NIYH6
2026-01-26T00:04:33.476053822Z,2026-01-26T00:04:33.475721261Z,1,1,7311,T,A,0,52805.000000000,2,0,12919,2217560,52805.000000000,52815.000000000,2,3,2,3,NIYH6
2026-01-26T00:04:33.570935830Z,2026-01-26T00:04:33.570708161Z,1,1,7311,T,B,0,52810.000000000,1,0,12925,2217725,52800.000000000,52810.000000000,3,1,3,1,NIYH6
2026-01-26T00:04:36.176164310Z,2026-01-26T00:04:36.175943813Z,1,1,7311,T,B,0,52815.000000000,1,0,16490,2219305,52805.000000000,52815.000000000,4,1,4,1,NIYH6
2026-01-26T00:04:36.281818367Z,2026-01-26T00:04:36.281541367Z,1,1,7311,T,B,0,52820.000000000,1,0,13061,2219458,52810.000000000,52820.000000000,5,1,5,1,NIYH6
2026-01-26T00:04:37.288815057Z,2026-01-26T00:04:37.288507875Z,1,1,7311,T,B,0,52820.000000000,1,0,12658,2220389,52810.000000000,52820.000000000,3,1,3,1,NIYH6
2026-01-26T00:04:37.288815057Z,2026-01-26T00:04:37.288507875Z,1,1,7311,T,B,0,52825.000000000,3,0,12658,2220389,52810.000000000,52820.000000000,3,1,3,1,NIYH6
2026-01-26T00:04:37.563851648Z,2026-01-26T00:04:37.563578073Z,1,1,7311,T,A,0,52815.000000000,1,0,21451,2220649,52815.000000000,52825.000000000,1,4,1,4,NIYH6
2026-01-26T00:04:42.960360998Z,2026-01-26T00:04:42.960116297Z,1,1,7311,T,B,0,52830.000000000,1,0,12861,2223005,52820.000000000,52830.000000000,1,1,1,1,NIYH6
2026-01-26T00:04:42.986097317Z,2026-01-26T00:04:42.985846025Z,1,1,7311,T,A,0,52825.000000000,1,0,13019,2223324,52825.000000000,52840.000000000,1,3,1,3,NIYH6
2026-01-26T00:04:47.472953803Z,2026-01-26T00:04:47.472732931Z,1,1,7311,T,A,0,52840.000000000,1,0,12841,2225864,52840.000000000,52850.000000000,1,3,1,3,NIYH6
2026-01-26T00:04:49.427090361Z,2026-01-26T00:04:49.426856525Z,1,1,7311,T,B,0,52840.000000000,1,0,12919,2226649,52830.000000000,52840.000000000,4,2,4,2,NIYH6
2026-01-26T00:04:49.427332422Z,2026-01-26T00:04:49.427105613Z,1,1,7311,T,B,0,52840.000000000,1,0,12710,2226654,52830.000000000,52840.000000000,3,1,3,1,NIYH6
2026-01-26T00:04:50.286557020Z,2026-01-26T00:04:50.286325769Z,1,1,7311,T,A,0,52835.000000000,1,0,11846,2227499,52835.000000000,52845.000000000,1,3,1,3,NIYH6
2026-01-26T00:04:58.318829807Z,2026-01-26T00:04:58.318605985Z,1,1,7311,T,B,0,52795.000000000,1,0,12830,2232082,52790.000000000,52795.000000000,3,1,3,1,NIYH6
2026-01-26T00:05:00.050653107Z,2026-01-26T00:05:00.050410657Z,1,1,7311,T,B,0,52800.000000000,1,0,14578,2233451,52790.000000000,52800.000000000,5,1,5,1,NIYH6
2026-01-26T00:05:02.363059954Z,2026-01-26T00:05:02.362573527Z,1,1,7311,T,B,0,52790.000000000,1,0,17153,2235940,52780.000000000,52790.000000000,5,1,5,1,NIYH6
2026-01-26T00:05:02.414877921Z,2026-01-26T00:05:02.414642845Z,1,1,7311,T,B,0,52795.000000000,1,0,12936,2236174,52785.000000000,52795.000000000,3,1,3,1,NIYH6
2026-01-26T00:05:02.415872068Z,2026-01-26T00:05:02.415652125Z,1,1,7311,T,A,0,52795.000000000,1,0,12856,2236210,52795.000000000,52800.000000000,1,1,1,1,NIYH6
2026-01-26T00:05:03.157922509Z,2026-01-26T00:05:03.157515575Z,1,1,7311,T,A,0,52795.000000000,4,0,15897,2236862,52795.000000000,52810.000000000,4,2,4,2,NIYH6
2026-01-26T00:05:03.157922509Z,2026-01-26T00:05:03.157515575Z,1,1,7311,T,A,0,52790.000000000,4,0,15897,2236862,52795.000000000,52810.000000000,4,2,4,2,NIYH6
2026-01-26T00:05:04.429585721Z,2026-01-26T00:05:04.429367511Z,1,1,7311,T,B,0,52810.000000000,1,0,12747,2237755,52800.000000000,52810.000000000,4,1,4,1,NIYH6
2026-01-26T00:05:06.361433710Z,2026-01-26T00:05:06.361205947Z,1,1,7311,T,A,0,52820.000000000,1,0,12971,2239749,52820.000000000,52830.000000000,1,1,1,1,NIYH6
2026-01-26T00:05:06.387938947Z,2026-01-26T00:05:06.387693829Z,1,1,7311,T,A,0,52815.000000000,1,0,15622,2239764,52815.000000000,52830.000000000,3,1,3,1,NIYH6
2026-01-26T00:05:06.513500397Z,2026-01-26T00:05:06.513282195Z,1,1,7311,T,B,0,52830.000000000,1,0,12934,2239856,52815.000000000,52830.000000000,3,1,3,1,NIYH6
2026-01-26T00:05:06.988703545Z,2026-01-26T00:05:06.988441109Z,1,1,7311,T,A,0,52830.000000000,1,0,13108,2240563,52830.000000000,52840.000000000,1,3,1,3,NIYH6
2026-01-26T00:05:10.449249474Z,2026-01-26T00:05:10.449010671Z,1,1,7311,T,B,0,52845.000000000,1,0,12398,2242380,52835.000000000,52845.000000000,2,1,2,1,NIYH6
2026-01-26T00:05:10.952270844Z,2026-01-26T00:05:10.951877979Z,1,1,7311,T,B,0,52850.000000000,2,0,13042,2242845,52835.000000000,52850.000000000,2,2,2,2,NIYH6
2026-01-26T00:05:11.483764979Z,2026-01-26T00:05:11.483527869Z,1,1,7311,T,B,0,52865.000000000,1,0,12755,2243688,52860.000000000,52865.000000000,1,2,1,2,NIYH6
2026-01-26T00:05:13.161728647Z,2026-01-26T00:05:13.161457997Z,1,1,7311,T,A,0,52870.000000000,2,0,15395,2244796,52870.000000000,52880.000000000,2,3,2,3,NIYH6
2026-01-26T00:05:16.188691315Z,2026-01-26T00:05:16.188475471Z,1,1,7311,T,B,0,52880.000000000,1,0,12715,2246531,52870.000000000,52880.000000000,4,1,4,1,NIYH6
2026-01-26T00:05:16.344032568Z,2026-01-26T00:05:16.343771723Z,1,1,7311,T,A,0,52875.000000000,1,0,12978,2246780,52875.000000000,52880.000000000,2,1,2,1,NIYH6
2026-01-26T00:05:16.344081556Z,2026-01-26T00:05:16.343782953Z,1,1,7311,T,A,0,52875.000000000,1,0,14048,2246781,52875.000000000,52880.000000000,1,1,1,1,NIYH6
2026-01-26T00:05:18.930069886Z,2026-01-26T00:05:18.929740129Z,1,1,7311,T,B,0,52885.000000000,1,0,15308,2247834,52875.000000000,52885.000000000,4,1,4,1,NIYH6
2026-01-26T00:05:18.930146498Z,2026-01-26T00:05:18.929740525Z,1,1,7311,T,B,0,52890.000000000,2,0,13819,2247835,52875.000000000,52890.000000000,4,2,4,2,NIYH6
2026-01-26T00:05:18.933377981Z,2026-01-26T00:05:18.933082853Z,1,1,7311,T,B,0,52895.000000000,2,0,13306,2247950,52885.000000000,52895.000000000,2,2,2,2,NIYH6
2026-01-26T00:05:19.509276214Z,2026-01-26T00:05:19.509066407Z,1,1,7311,T,A,0,52890.000000000,1,0,12753,2248324,52890.000000000,52900.000000000,1,3,1,3,NIYH6
2026-01-26T00:05:20.241439394Z,2026-01-26T00:05:20.241192243Z,1,1,7311,T,A,0,52885.000000000,1,0,12631,2248815,52885.000000000,52895.000000000,1,3,1,3,NIYH6
2026-01-26T00:05:20.921408563Z,2026-01-26T00:05:20.921175675Z,1,1,7311,T,B,0,52890.000000000,1,0,13106,2249289,52880.000000000,52890.000000000,3,1,3,1,NIYH6
2026-01-26T00:05:20.948028751Z,2026-01-26T00:05:20.947767885Z,1,1,7311,T,A,0,52880.000000000,1,0,13086,2249394,52880.000000000,52900.000000000,6,4,6,4,NIYH6
2026-01-26T00:05:21.582044516Z,2026-01-26T00:05:21.581821735Z,1,1,7311,T,B,0,52900.000000000,1,0,12641,2249978,52890.000000000,52900.000000000,5,1,5,1,NIYH6
2026-01-26T00:05:23.029725817Z,2026-01-26T00:05:23.029180855Z,1,1,7311,T,B,0,52905.000000000,1,0,12653,2250496,52900.000000000,52905.000000000,2,1,2,1,NIYH6
2026-01-26T00:05:23.459444632Z,2026-01-26T00:05:23.459233039Z,1,1,7311,T,B,0,52915.000000000,1,0,12642,2251245,52910.000000000,52915.000000000,2,2,2,2,NIYH6
2026-01-26T00:05:23.459746978Z,2026-01-26T00:05:23.459458321Z,1,1,7311,T,B,0,52915.000000000,1,0,12203,2251251,52910.000000000,52915.000000000,2,1,2,1,NIYH6
2026-01-26T00:05:23.516232968Z,2026-01-26T00:05:23.516024977Z,1,1,7311,T,A,0,52910.000000000,1,0,12608,2251599,52910.000000000,52920.000000000,1,3,1,3,NIYH6
2026-01-26T00:05:24.664227482Z,2026-01-26T00:05:24.663902301Z,1,1,7311,T,B,0,52920.000000000,1,0,13332,2252240,52910.000000000,52920.000000000,3,1,3,1,NIYH6
2026-01-26T00:05:24.664249614Z,2026-01-26T00:05:24.663902301Z,1,1,7311,T,B,0,52925.000000000,2,0,15256,2252241,52910.000000000,52920.000000000,3,1,3,1,NIYH6
2026-01-26T00:05:24.664249614Z,2026-01-26T00:05:24.663902301Z,1,1,7311,T,B,0,52930.000000000,1,0,15256,2252241,52910.000000000,52920.000000000,3,1,3,1,NIYH6
2026-01-26T00:05:25.055592334Z,2026-01-26T00:05:25.055353949Z,1,1,7311,T,B,0,52930.000000000,1,0,12922,2252560,52920.000000000,52930.000000000,4,1,4,1,NIYH6
2026-01-26T00:05:25.471470608Z,2026-01-26T00:05:25.471234767Z,1,1,7311,T,B,0,52940.000000000,1,0,12888,2253592,52930.000000000,52940.000000000,3,1,3,1,NIYH6
2026-01-26T00:05:25.651013954Z,2026-01-26T00:05:25.650681185Z,1,1,7311,T,A,0,52935.000000000,3,0,15510,2253744,52935.000000000,52945.000000000,3,1,3,1,NIYH6
2026-01-26T00:05:26.452972948Z,2026-01-26T00:05:26.452707743Z,1,1,7311,T,A,0,52935.000000000,2,0,13153,2255127,52935.000000000,52940.000000000,2,10,2,2,NIYH6
2026-01-26T00:05:26.521321881Z,2026-01-26T00:05:26.521050037Z,1,1,7311,T,B,0,52940.000000000,2,0,14107,2255219,52930.000000000,52940.000000000,3,10,3,2,NIYH6
2026-01-26T00:05:26.521402517Z,2026-01-26T00:05:26.521052643Z,1,1,7311,T,B,0,52940.000000000,2,0,15876,2255220,52935.000000000,52940.000000000,1,8,1,2,NIYH6
2026-01-26T00:05:26.521450015Z,2026-01-26T00:05:26.521053147Z,1,1,7311,T,B,0,52940.000000000,1,0,15527,2255221,52935.000000000,52940.000000000,1,6,1,2,NIYH6
2026-01-26T00:05:26.521612655Z,2026-01-26T00:05:26.521415685Z,1,1,7311,T,B,0,52940.000000000,1,0,12810,2255227,52935.000000000,52940.000000000,3,5,2,1,NIYH6
2026-01-26T00:05:26.521663094Z,2026-01-26T00:05:26.521423557Z,1,1,7311,T,B,0,52940.000000000,2,0,13380,2255228,52935.000000000,52940.000000000,4,4,3,1,NIYH6
2026-01-26T00:05:26.521830970Z,2026-01-26T00:05:26.521467753Z,1,1,7311,T,B,0,52940.000000000,2,0,13509,2255232,52935.000000000,52940.000000000,5,2,4,1,NIYH6
2026-01-26T00:05:26.546058494Z,2026-01-26T00:05:26.545833707Z,1,1,7311,T,A,0,52945.000000000,1,0,12957,2255408,52945.000000000,52955.000000000,3,1,3,1,NIYH6
2026-01-26T00:05:26.616277211Z,2026-01-26T00:05:26.616035303Z,1,1,7311,T,A,0,52945.000000000,1,0,13218,2255489,52945.000000000,52955.000000000,1,2,1,2,NIYH6
2026-01-26T00:05:26.891192597Z,2026-01-26T00:05:26.890950605Z,1,1,7311,T,B,0,52950.000000000,1,0,13671,2255784,52940.000000000,52950.000000000,1,1,1,1,NIYH6
2026-01-26T00:05:26.891536167Z,2026-01-26T00:05:26.891225921Z,1,1,7311,T,A,0,52950.000000000,2,0,12797,2255807,52950.000000000,52955.000000000,2,3,1,3,NIYH6
2026-01-26T00:05:27.012130367Z,2026-01-26T00:05:27.011907259Z,1,1,7311,T,B,0,52960.000000000,1,0,12896,2256018,52950.000000000,52960.000000000,3,1,3,1,NIYH6
2026-01-26T00:05:27.254236698Z,2026-01-26T00:05:27.254000173Z,1,1,7311,T,B,0,52970.000000000,1,0,13051,2256404,52955.000000000,52970.000000000,4,1,4,1,NIYH6
2026-01-26T00:05:27.676174554Z,2026-01-26T00:05:27.675916355Z,1,1,7311,T,B,0,52975.000000000,2,0,12069,2257989,52960.000000000,52975.000000000,2,2,2,2,NIYH6
2026-01-26T00:05:28.519937683Z,2026-01-26T00:05:28.519706671Z,1,1,7311,T,A,0,52975.000000000,1,0,12812,2258926,52975.000000000,52990.000000000,1,3,1,3,NIYH6
2026-01-26T00:05:28.520358372Z,2026-01-26T00:05:28.520098717Z,1,1,7311,T,A,0,52970.000000000,3,0,13393,2258940,52970.000000000,52985.000000000,3,3,3,3,NIYH6
2026-01-26T00:05:28.545438106Z,2026-01-26T00:05:28.545204915Z,1,1,7311,T,A,0,52965.000000000,1,0,12953,2259031,52965.000000000,52980.000000000,3,1,3,1,NIYH6
2026-01-26T00:05:28.837485681Z,2026-01-26T00:05:28.837095575Z,1,1,7311,T,B,0,52985.000000000,2,0,13954,2259499,52970.000000000,52985.000000000,3,2,3,2,NIYH6
2026-01-26T00:05:28.837485681Z,2026-01-26T00:05:28.837095575Z,1,1,7311,T,B,0,52990.000000000,6,0,13954,2259499,52970.000000000,52985.000000000,3,2,3,2,NIYH6
2026-01-26T00:05:29.105227902Z,2026-01-26T00:05:29.104985987Z,1,1,7311,T,A,0,52980.000000000,1,0,13199,2259922,52980.000000000,52990.000000000,1,3,1,3,NIYH6
2026-01-26T00:05:29.411187123Z,2026-01-26T00:05:29.410954783Z,1,1,7311,T,B,0,52990.000000000,1,0,13296,2260253,52980.000000000,52990.000000000,5,1,5,1,NIYH6
2026-01-26T00:05:31.365257760Z,2026-01-26T00:05:31.365019603Z,1,1,7311,T,A,0,52975.000000000,1,0,12796,2262357,52975.000000000,52985.000000000,1,5,1,5,NIYH6
2026-01-26T00:05:31.566964317Z,2026-01-26T00:05:31.566739451Z,1,1,7311,T,B,0,52980.000000000,1,0,13484,2262718,52970.000000000,52980.000000000,5,1,5,1,NIYH6
2026-01-26T00:05:31.623393007Z,2026-01-26T00:05:31.623143567Z,1,1,7311,T,A,0,52975.000000000,1,0,13147,2262793,52975.000000000,52985.000000000,1,2,1,2,NIYH6
2026-01-26T00:05:31.936434760Z,2026-01-26T00:05:31.936195999Z,1,1,7311,T,A,0,52970.000000000,1,0,12741,2263105,52970.000000000,52980.000000000,1,4,1,4,NIYH6
2026-01-26T00:05:32.035206508Z,2026-01-26T00:05:32.034992121Z,1,1,7311,T,A,0,52965.000000000,1,0,12711,2263250,52965.000000000,52975.000000000,1,3,1,3,NIYH6
2026-01-26T00:05:34.253832031Z,2026-01-26T00:05:34.253537095Z,1,1,7311,T,A,0,52970.000000000,2,0,13796,2264973,52970.000000000,52980.000000000,2,2,2,2,NIYH6
2026-01-26T00:05:34.254220242Z,2026-01-26T00:05:34.253648449Z,1,1,7311,T,A,0,52965.000000000,1,0,14087,2264980,52965.000000000,52970.000000000,3,1,3,1,NIYH6
2026-01-26T00:05:34.254449209Z,2026-01-26T00:05:34.253942811Z,1,1,7311,T,A,0,52965.000000000,1,0,14539,2264984,52965.000000000,52970.000000000,1,1,1,1,NIYH6
2026-01-26T00:05:34.255247419Z,2026-01-26T00:05:34.254807617Z,1,1,7311,T,A,0,52960.000000000,1,0,12905,2265019,52960.000000000,52970.000000000,1,3,1,3,NIYH6
2026-01-26T00:05:34.280537905Z,2026-01-26T00:05:34.280280441Z,1,1,7311,T,A,0,52955.000000000,1,0,14514,2265114,52955.000000000,52970.000000000,1,4,1,4,NIYH6
2026-01-26T00:05:35.801627920Z,2026-01-26T00:05:35.801397923Z,1,1,7311,T,B,0,52960.000000000,1,0,12899,2266360,52950.000000000,52960.000000000,3,1,3,1,NIYH6
2026-01-26T00:05:38.052945405Z,2026-01-26T00:05:38.052595185Z,1,1,7311,T,B,0,52970.000000000,2,0,14641,2267796,52960.000000000,52970.000000000,1,2,1,2,NIYH6
2026-01-26T00:05:38.260631522Z,2026-01-26T00:05:38.260412007Z,1,1,7311,T,B,0,52980.000000000,1,0,12784,2267996,52970.000000000,52980.000000000,5,1,5,1,NIYH6
2026-01-26T00:05:40.526232227Z,2026-01-26T00:05:40.526000211Z,1,1,7311,T,A,0,52970.000000000,1,0,13230,2269364,52970.000000000,52980.000000000,1,2,1,2,NIYH6
2026-01-26T00:05:45.702963668Z,2026-01-26T00:05:45.702710709Z,1,1,7311,T,A,0,52950.000000000,2,0,13195,2273061,52950.000000000,52960.000000000,2,3,2,3,NIYH6
2026-01-26T00:05:45.703329770Z,2026-01-26T00:05:45.702979555Z,1,1,7311,T,A,0,52945.000000000,4,0,13581,2273070,52945.000000000,52960.000000000,4,3,4,3,NIYH6
2026-01-26T00:05:46.759791538Z,2026-01-26T00:05:46.759558159Z,1,1,7311,T,B,0,52955.000000000,1,0,13055,2274117,52945.000000000,52955.000000000,3,1,3,1,NIYH6
2026-01-26T00:05:48.005082581Z,2026-01-26T00:05:48.004791939Z,1,1,7311,T,A,0,52945.000000000,1,0,13484,2274999,52945.000000000,52955.000000000,1,2,1,1,NIYH6
2026-01-26T00:05:48.005313937Z,2026-01-26T00:05:48.004795551Z,1,1,7311,T,A,0,52940.000000000,1,0,14007,2275002,52940.000000000,52955.000000000,2,3,2,2,NIYH6
2026-01-26T00:05:48.006125785Z,2026-01-26T00:05:48.005555297Z,1,1,7311,T,A,0,52940.000000000,1,0,13490,2275060,52940.000000000,52945.000000000,1,1,1,1,NIYH6
2026-01-26T00:05:49.500688954Z,2026-01-26T00:05:49.500433639Z,1,1,7311,T,B,0,52940.000000000,1,0,13842,2276354,52925.000000000,52940.000000000,5,1,5,1,NIYH6
2026-01-26T00:05:49.501583950Z,2026-01-26T00:05:49.501354487Z,1,1,7311,T,B,0,52945.000000000,1,0,13387,2276417,52935.000000000,52945.000000000,3,1,3,1,NIYH6
2026-01-26T00:05:51.458850176Z,2026-01-26T00:05:51.458571239Z,1,1,7311,T,B,0,52965.000000000,2,0,13064,2277960,52950.000000000,52965.000000000,5,2,5,2,NIYH6
2026-01-26T00:05:56.960176660Z,2026-01-26T00:05:56.959849929Z,1,1,7311,T,B,0,52970.000000000,1,0,14226,2281739,52960.000000000,52970.000000000,1,1,1,1,NIYH6
2026-01-26T00:05:56.960473315Z,2026-01-26T00:05:56.960142389Z,1,1,7311,T,B,0,52975.000000000,1,0,15624,2281747,52960.000000000,52975.000000000,3,3,3,3,NIYH6
2026-01-26T00:05:56.961053063Z,2026-01-26T00:05:56.960483175Z,1,1,7311,T,B,0,52975.000000000,1,0,13220,2281781,52965.000000000,52975.000000000,2,1,2,1,NIYH6
2026-01-26T00:05:58.130171905Z,2026-01-26T00:05:58.129898153Z,1,1,7311,T,B,0,52985.000000000,1,0,20709,2282667,52975.000000000,52985.000000000,3,1,3,1,NIYH6
2026-01-26T00:05:59.948771175Z,2026-01-26T00:05:59.948519897Z,1,1,7311,T,A,0,52965.000000000,1,0,13931,2283776,52965.000000000,52975.000000000,1,3,1,3,NIYH6
2026-01-26T00:06:00.838410422Z,2026-01-26T00:06:00.838180621Z,1,1,7311,T,A,0,52945.000000000,1,0,12888,2284904,52945.000000000,52955.000000000,1,4,1,4,NIYH6
2026-01-26T00:06:02.205973548Z,2026-01-26T00:06:02.205695677Z,1,1,7311,T,A,0,52935.000000000,1,0,12687,2286138,52935.000000000,52945.000000000,1,1,1,1,NIYH6
2026-01-26T00:06:02.896170579Z,2026-01-26T00:06:02.895929967Z,1,1,7311,T,B,0,52950.000000000,1,0,13345,2286987,52945.000000000,52950.000000000,1,1,1,1,NIYH6
2026-01-26T00:06:02.897014867Z,2026-01-26T00:06:02.896768701Z,1,1,7311,T,A,0,52945.000000000,1,0,13119,2287029,52945.000000000,52955.000000000,2,2,2,2,NIYH6
2026-01-26T00:06:04.024531587Z,2026-01-26T00:06:04.024253331Z,1,1,7311,T,B,0,52955.000000000,1,0,13340,2287847,52945.000000000,52955.000000000,3,1,3,1,NIYH6
2026-01-26T00:06:04.160339881Z,2026-01-26T00:06:04.160057185Z,1,1,7311,T,A,0,52945.000000000,1,0,15333,2287975,52945.000000000,52960.000000000,1,3,1,3,NIYH6
2026-01-26T00:06:04.756875748Z,2026-01-26T00:06:04.756613023Z,1,1,7311,T,A,0,52940.000000000,1,0,12824,2288442,52940.000000000,52950.000000000,1,2,1,2,NIYH6
2026-01-26T00:06:10.382790794Z,2026-01-26T00:06:10.382359725Z,1,1,7311,T,A,0,52890.000000000,3,0,13551,2295594,52890.000000000,52900.000000000,3,1,3,1,NIYH6
2026-01-26T00:06:10.382790794Z,2026-01-26T00:06:10.382359725Z,1,1,7311,T,A,0,52885.000000000,4,0,13551,2295594,52890.000000000,52900.000000000,3,1,3,1,NIYH6
2026-01-26T00:06:10.382790794Z,2026-01-26T00:06:10.382359725Z,1,1,7311,T,A,0,52880.000000000,1,0,13551,2295594,52890.000000000,52900.000000000,3,1,3,1,NIYH6
2026-01-26T00:06:10.383208203Z,2026-01-26T00:06:10.382805873Z,1,1,7311,T,A,0,52880.000000000,1,0,13056,2295612,52880.000000000,52900.000000000,4,4,4,4,NIYH6
2026-01-26T00:06:10.668763357Z,2026-01-26T00:06:10.668533387Z,1,1,7311,T,B,0,52895.000000000,2,0,12707,2296119,52890.000000000,52895.000000000,1,2,1,2,NIYH6
2026-01-26T00:06:10.796607276Z,2026-01-26T00:06:10.796396107Z,1,1,7311,T,B,0,52900.000000000,1,0,14807,2296263,52890.000000000,52900.000000000,3,1,3,1,NIYH6
2026-01-26T00:06:13.869958019Z,2026-01-26T00:06:13.869722263Z,1,1,7311,T,B,0,52895.000000000,1,0,15072,2299147,52885.000000000,52895.000000000,3,1,3,1,NIYH6
2026-01-26T00:06:14.922757649Z,2026-01-26T00:06:14.922525471Z,1,1,7311,T,B,0,52895.000000000,1,0,13434,2299951,52880.000000000,52895.000000000,4,2,4,2,NIYH6
2026-01-26T00:06:14.959105112Z,2026-01-26T00:06:14.958849511Z,1,1,7311,T,B,0,52895.000000000,1,0,13478,2299974,52880.000000000,52895.000000000,5,2,5,2,NIYH6
2026-01-26T00:06:14.959225774Z,2026-01-26T00:06:14.958850521Z,1,1,7311,T,B,0,52895.000000000,1,0,12945,2299977,52880.000000000,52895.000000000,5,1,5,1,NIYH6
2026-01-26T00:06:16.526049372Z,2026-01-26T00:06:16.525812809Z,1,1,7311,T,B,0,52905.000000000,1,0,12813,2301640,52895.000000000,52905.000000000,3,1,3,1,NIYH6
2026-01-26T00:06:16.861210259Z,2026-01-26T00:06:16.860958553Z,1,1,7311,T,B,0,52910.000000000,1,0,13145,2302172,52900.000000000,52910.000000000,4,1,4,1,NIYH6
2026-01-26T00:06:17.957873862Z,2026-01-26T00:06:17.957613145Z,1,1,7311,T,A,0,52910.000000000,1,0,13044,2303043,52910.000000000,52920.000000000,1,4,1,4,NIYH6
2026-01-26T00:06:18.609850681Z,2026-01-26T00:06:18.609590619Z,1,1,7311,T,B,0,52915.000000000,1,0,13078,2303285,52900.000000000,52915.000000000,4,1,4,1,NIYH6
2026-01-26T00:06:26.275617779Z,2026-01-26T00:06:26.275390389Z,1,1,7311,T,B,0,52905.000000000,1,0,12865,2309711,52890.000000000,52905.000000000,4,1,4,1,NIYH6
2026-01-26T00:06:28.298915849Z,2026-01-26T00:06:28.298669845Z,1,1,7311,T,B,0,52915.000000000,1,0,12073,2311772,52910.000000000,52915.000000000,1,1,1,1,NIYH6
2026-01-26T00:06:32.081637838Z,2026-01-26T00:06:32.081402197Z,1,1,7311,T,A,0,52920.000000000,1,0,12687,2314469,52920.000000000,52930.000000000,1,3,1,3,NIYH6
2026-01-26T00:06:35.231197802Z,2026-01-26T00:06:35.230949185Z,1,1,7311,T,A,0,52930.000000000,1,0,13931,2316982,52930.000000000,52940.000000000,1,3,1,3,NIYH6
2026-01-26T00:06:41.154606448Z,2026-01-26T00:06:41.154372303Z,1,1,7311,T,B,0,52930.000000000,1,0,12755,2321653,52920.000000000,52930.000000000,4,1,4,1,NIYH6
2026-01-26T00:06:46.321135299Z,2026-01-26T00:06:46.320893907Z,1,1,7311,T,B,0,52925.000000000,1,0,13802,2324818,52915.000000000,52925.000000000,2,1,2,1,NIYH6
2026-01-26T00:06:50.447351335Z,2026-01-26T00:06:50.446975921Z,1,1,7311,T,A,0,52925.000000000,1,0,12886,2327593,52925.000000000,52935.000000000,2,1,2,1,NIYH6
2026-01-26T00:06:50.447581576Z,2026-01-26T00:06:50.447334197Z,1,1,7311,T,A,0,52925.000000000,1,0,13153,2327605,52925.000000000,52935.000000000,1,4,1,4,NIYH6
2026-01-26T00:06:51.053700005Z,2026-01-26T00:06:51.053482437Z,1,1,7311,T,B,0,52930.000000000,1,0,12804,2328293,52920.000000000,52930.000000000,3,2,3,2,NIYH6
2026-01-26T00:07:01.725403842Z,2026-01-26T00:07:01.725144653Z,1,1,7311,T,A,0,52910.000000000,1,0,13119,2335154,52910.000000000,52920.000000000,1,5,1,5,NIYH6
2026-01-26T00:07:02.431132830Z,2026-01-26T00:07:02.430875135Z,1,1,7311,T,A,0,52905.000000000,1,0,13000,2335794,52905.000000000,52915.000000000,1,4,1,4,NIYH6
2026-01-26T00:07:02.431456041Z,2026-01-26T00:07:02.431144767Z,1,1,7311,T,A,0,52900.000000000,3,0,13253,2335800,52900.000000000,52915.000000000,3,3,3,3,NIYH6
2026-01-26T00:07:03.486336117Z,2026-01-26T00:07:03.486103635Z,1,1,7311,T,B,0,52910.000000000,1,0,12883,2337673,52900.000000000,52910.000000000,4,2,4,2,NIYH6
2026-01-26T00:07:03.486390972Z,2026-01-26T00:07:03.486153245Z,1,1,7311,T,B,0,52910.000000000,1,0,14463,2337674,52900.000000000,52910.000000000,4,1,4,1,NIYH6
2026-01-26T00:07:11.702025996Z,2026-01-26T00:07:11.701789573Z,1,1,7311,T,A,0,52885.000000000,1,0,12905,2343035,52885.000000000,52895.000000000,1,1,1,1,NIYH6
2026-01-26T00:07:13.804604897Z,2026-01-26T00:07:13.804369303Z,1,1,7311,T,B,0,52895.000000000,1,0,12728,2344791,52885.000000000,52895.000000000,3,1,3,1,NIYH6
2026-01-26T00:07:25.748731627Z,2026-01-26T00:07:25.748502959Z,1,1,7311,T,B,0,52880.000000000,1,0,12692,2352242,52870.000000000,52880.000000000,1,1,1,1,NIYH6
2026-01-26T00:07:31.437441046Z,2026-01-26T00:07:31.437204463Z,1,1,7311,T,B,0,52875.000000000,1,0,12974,2355654,52860.000000000,52875.000000000,7,3,7,2,NIYH6
2026-01-26T00:07:31.739794515Z,2026-01-26T00:07:31.739542531Z,1,1,7311,T,A,0,52870.000000000,1,0,13503,2355905,52870.000000000,52875.000000000,1,1,1,1,NIYH6
2026-01-26T00:07:31.800135069Z,2026-01-26T00:07:31.799881261Z,1,1,7311,T,A,0,52865.000000000,1,0,14072,2355937,52865.000000000,52875.000000000,3,2,3,2,NIYH6
2026-01-26T00:07:31.800214868Z,2026-01-26T00:07:31.799903571Z,1,1,7311,T,A,0,52865.000000000,1,0,13261,2355939,52865.000000000,52875.000000000,2,3,2,3,NIYH6
2026-01-26T00:07:31.800356265Z,2026-01-26T00:07:31.800104529Z,1,1,7311,T,A,0,52865.000000000,1,0,12759,2355941,52865.000000000,52875.000000000,1,4,1,4,NIYH6
2026-01-26T00:07:32.626787368Z,2026-01-26T00:07:32.626551843Z,1,1,7311,T,A,0,52855.000000000,2,0,12866,2356767,52855.000000000,52865.000000000,2,2,2,2,NIYH6
2026-01-26T00:07:33.426352711Z,2026-01-26T00:07:33.426126297Z,1,1,7311,T,A,0,52850.000000000,1,0,13530,2357441,52850.000000000,52860.000000000,1,3,1,3,NIYH6
2026-01-26T00:07:34.077242642Z,2026-01-26T00:07:34.077004605Z,1,1,7311,T,B,0,52850.000000000,1,0,12677,2358079,52840.000000000,52850.000000000,4,1,4,1,NIYH6
2026-01-26T00:07:35.866118490Z,2026-01-26T00:07:35.865899855Z,1,1,7311,T,B,0,52855.000000000,1,0,12594,2358990,52845.000000000,52855.000000000,3,1,3,1,NIYH6
2026-01-26T00:07:36.221465984Z,2026-01-26T00:07:36.221240733Z,1,1,7311,T,B,0,52865.000000000,1,0,13050,2359417,52855.000000000,52865.000000000,2,1,2,1,NIYH6
2026-01-26T00:07:36.546991083Z,2026-01-26T00:07:36.546745479Z,1,1,7311,T,A,0,52860.000000000,1,0,12923,2359844,52860.000000000,52870.000000000,1,3,1,3,NIYH6
2026-01-26T00:07:37.785412321Z,2026-01-26T00:07:37.785150259Z,1,1,7311,T,B,0,52870.000000000,1,0,13076,2360366,52860.000000000,52870.000000000,4,2,4,2,NIYH6
2026-01-26T00:07:37.785669395Z,2026-01-26T00:07:37.785418049Z,1,1,7311,T,B,0,52870.000000000,1,0,13468,2360369,52860.000000000,52870.000000000,4,1,4,1,NIYH6
2026-01-26T00:07:38.032686355Z,2026-01-26T00:07:38.032447519Z,1,1,7311,T,B,0,52875.000000000,1,0,13216,2360609,52865.000000000,52875.000000000,2,1,2,1,NIYH6
2026-01-26T00:07:38.032959372Z,2026-01-26T00:07:38.032705327Z,1,1,7311,T,A,0,52875.000000000,1,0,12770,2360619,52875.000000000,52880.000000000,1,4,1,4,NIYH6
2026-01-26T00:07:38.033697766Z,2026-01-26T00:07:38.033467549Z,1,1,7311,T,B,0,52875.000000000,1,0,13200,2360642,52865.000000000,52875.000000000,4,2,4,2,NIYH6
2026-01-26T00:07:38.033762705Z,2026-01-26T00:07:38.033502379Z,1,1,7311,T,B,0,52875.000000000,1,0,15798,2360643,52865.000000000,52875.000000000,4,1,4,1,NIYH6
2026-01-26T00:07:38.915572600Z,2026-01-26T00:07:38.915338609Z,1,1,7311,T,A,0,52870.000000000,1,0,12939,2361489,52870.000000000,52880.000000000,1,3,1,3,NIYH6
2026-01-26T00:07:44.464974428Z,2026-01-26T00:07:44.463790965Z,1,1,7311,T,N,0,52865.000000000,2,0,16021,2363572,52865.000000000,52880.000000000,2,3,2,3,NIYH6
2026-01-26T00:07:46.384540930Z,2026-01-26T00:07:46.384323025Z,1,1,7311,T,B,0,52860.000000000,1,0,12844,2364743,52855.000000000,52860.000000000,4,1,4,1,NIYH6
2026-01-26T00:07:47.401713776Z,2026-01-26T00:07:47.401499115Z,1,1,7311,T,B,0,52870.000000000,1,0,13214,2365104,52860.000000000,52870.000000000,3,1,3,1,NIYH6
2026-01-26T00:07:47.824272654Z,2026-01-26T00:07:47.824043685Z,1,1,7311,T,A,0,52870.000000000,1,0,13007,2365388,52870.000000000,52880.000000000,2,5,2,5,NIYH6
2026-01-26T00:07:47.824434501Z,2026-01-26T00:07:47.824234791Z,1,1,7311,T,A,0,52870.000000000,1,0,12688,2365390,52870.000000000,52880.000000000,1,5,1,5,NIYH6
2026-01-26T00:07:50.914314471Z,2026-01-26T00:07:50.914052505Z,1,1,7311,T,A,0,52860.000000000,2,0,12944,2367034,52860.000000000,52870.000000000,2,4,2,4,NIYH6
2026-01-26T00:07:50.914661857Z,2026-01-26T00:07:50.914329435Z,1,1,7311,T,A,0,52855.000000000,3,0,12851,2367039,52855.000000000,52870.000000000,3,4,3,4,NIYH6
2026-01-26T00:07:53.316989350Z,2026-01-26T00:07:53.316764361Z,1,1,7311,T,B,0,52865.000000000,1,0,13161,2368361,52855.000000000,52865.000000000,3,1,3,1,NIYH6
2026-01-26T00:07:54.098387156Z,2026-01-26T00:07:54.098151849Z,1,1,7311,T,B,0,52865.000000000,1,0,12941,2368962,52860.000000000,52865.000000000,1,2,1,2,NIYH6
2026-01-26T00:07:54.099353418Z,2026-01-26T00:07:54.099123653Z,1,1,7311,T,A,0,52860.000000000,1,0,13000,2369002,52860.000000000,52870.000000000,2,2,2,2,NIYH6
2026-01-26T00:07:55.628340755Z,2026-01-26T00:07:55.628100343Z,1,1,7311,T,B,0,52875.000000000,1,0,12674,2369977,52860.000000000,52875.000000000,5,1,5,1,NIYH6
2026-01-26T00:07:56.281754165Z,2026-01-26T00:07:56.281496807Z,1,1,7311,T,B,0,52875.000000000,1,0,14798,2370395,52865.000000000,52875.000000000,3,1,3,1,NIYH6
2026-01-26T00:07:56.610310935Z,2026-01-26T00:07:56.610052587Z,1,1,7311,T,B,0,52885.000000000,1,0,13157,2370861,52875.000000000,52885.000000000,4,1,4,1,NIYH6
2026-01-26T00:07:59.050594000Z,2026-01-26T00:07:59.050339331Z,1,1,7311,T,B,0,52895.000000000,1,0,12928,2371838,52885.000000000,52895.000000000,3,1,3,1,NIYH6
2026-01-26T00:08:02.083476125Z,2026-01-26T00:08:02.083209033Z,1,1,7311,T,A,0,52910.000000000,3,0,12730,2373630,52910.000000000,52925.000000000,4,3,4,3,NIYH6
2026-01-26T00:08:02.478925011Z,2026-01-26T00:08:02.478702399Z,1,1,7311,T,B,0,52920.000000000,1,0,12975,2373931,52915.000000000,52920.000000000,3,1,3,1,NIYH6
2026-01-26T00:08:02.957157785Z,2026-01-26T00:08:02.956935683Z,1,1,7311,T,A,0,52930.000000000,1,0,11828,2374405,52930.000000000,52940.000000000,1,2,1,2,NIYH6
2026-01-26T00:08:04.562298688Z,2026-01-26T00:08:04.562067977Z,1,1,7311,T,A,0,52925.000000000,1,0,13507,2375007,52925.000000000,52935.000000000,1,3,1,3,NIYH6
2026-01-26T00:08:04.633477319Z,2026-01-26T00:08:04.633239917Z,1,1,7311,T,A,0,52915.000000000,1,0,13003,2375082,52915.000000000,52925.000000000,3,1,3,1,NIYH6
2026-01-26T00:08:04.633538979Z,2026-01-26T00:08:04.633262783Z,1,1,7311,T,A,0,52915.000000000,1,0,13842,2375084,52915.000000000,52925.000000000,2,1,2,1,NIYH6
2026-01-26T00:08:04.634230873Z,2026-01-26T00:08:04.633500351Z,1,1,7311,T,A,0,52915.000000000,1,0,13595,2375106,52915.000000000,52925.000000000,1,4,1,4,NIYH6
2026-01-26T00:08:05.393384957Z,2026-01-26T00:08:05.393145193Z,1,1,7311,T,B,0,52920.000000000,1,0,12724,2375496,52910.000000000,52920.000000000,5,1,5,1,NIYH6
2026-01-26T00:08:06.569051477Z,2026-01-26T00:08:06.568826313Z,1,1,7311,T,B,0,52925.000000000,1,0,12800,2376100,52920.000000000,52925.000000000,1,1,1,1,NIYH6
2026-01-26T00:08:06.653055317Z,2026-01-26T00:08:06.652813427Z,1,1,7311,T,A,0,52925.000000000,1,0,12621,2376214,52925.000000000,52935.000000000,1,5,1,5,NIYH6
2026-01-26T00:08:06.674987009Z,2026-01-26T00:08:06.674760291Z,1,1,7311,T,A,0,52925.000000000,1,0,12850,2376261,52925.000000000,52930.000000000,1,1,1,1,NIYH6
2026-01-26T00:08:06.733176952Z,2026-01-26T00:08:06.732956625Z,1,1,7311,T,A,0,52930.000000000,1,0,13163,2376305,52930.000000000,52935.000000000,1,3,1,3,NIYH6
2026-01-26T00:08:07.773980244Z,2026-01-26T00:08:07.773745077Z,1,1,7311,T,A,0,52930.000000000,1,0,12955,2377434,52930.000000000,52940.000000000,1,3,1,3,NIYH6
2026-01-26T00:08:12.580485202Z,2026-01-26T00:08:12.580229719Z,1,1,7311,T,A,0,52915.000000000,1,0,12994,2379758,52915.000000000,52925.000000000,1,3,1,3,NIYH6
2026-01-26T00:08:14.098567832Z,2026-01-26T00:08:14.098300413Z,1,1,7311,T,A,0,52905.000000000,1,0,12151,2380611,52905.000000000,52915.000000000,1,2,1,2,NIYH6
2026-01-26T00:08:14.423576375Z,2026-01-26T00:08:14.423278659Z,1,1,7311,T,A,0,52890.000000000,2,0,13367,2380983,52890.000000000,52900.000000000,4,2,4,1,NIYH6
2026-01-26T00:08:14.594378078Z,2026-01-26T00:08:14.594161959Z,1,1,7311,T,B,0,52900.000000000,1,0,13036,2381116,52890.000000000,52900.000000000,4,2,4,1,NIYH6
2026-01-26T00:08:14.594547820Z,2026-01-26T00:08:14.594356831Z,1,1,7311,T,B,0,52900.000000000,1,0,12813,2381118,52890.000000000,52900.000000000,5,1,5,1,NIYH6
2026-01-26T00:08:15.261856648Z,2026-01-26T00:08:15.261606065Z,1,1,7311,T,B,0,52905.000000000,1,0,13301,2381255,52895.000000000,52905.000000000,3,1,3,1,NIYH6
2026-01-26T00:08:17.505676535Z,2026-01-26T00:08:17.505436013Z,1,1,7311,T,B,0,52915.000000000,1,0,12788,2382212,52905.000000000,52915.000000000,3,1,3,1,NIYH6
2026-01-26T00:08:19.494658104Z,2026-01-26T00:08:19.494417791Z,1,1,7311,T,A,0,52910.000000000,1,0,11795,2383503,52910.000000000,52920.000000000,1,3,1,3,NIYH6
2026-01-26T00:08:19.495067434Z,2026-01-26T00:08:19.494672929Z,1,1,7311,T,A,0,52905.000000000,2,0,14713,2383513,52905.000000000,52915.000000000,2,1,2,1,NIYH6
2026-01-26T00:08:25.096238607Z,2026-01-26T00:08:25.096020297Z,1,1,7311,T,B,0,52890.000000000,1,0,13239,2387427,52880.000000000,52890.000000000,3,1,3,1,NIYH6
2026-01-26T00:08:34.733234384Z,2026-01-26T00:08:34.732998957Z,1,1,7311,T,A,0,52940.000000000,1,0,13322,2393421,52940.000000000,52950.000000000,2,4,2,4,NIYH6
2026-01-26T00:08:34.733418202Z,2026-01-26T00:08:34.733202545Z,1,1,7311,T,A,0,52940.000000000,1,0,12576,2393423,52940.000000000,52950.000000000,1,4,1,4,NIYH6
2026-01-26T00:08:36.190422943Z,2026-01-26T00:08:36.190195051Z,1,1,7311,T,B,0,52945.000000000,1,0,12798,2394334,52935.000000000,52945.000000000,3,1,3,1,NIYH6
2026-01-26T00:08:47.753755168Z,2026-01-26T00:08:47.753498805Z,1,1,7311,T,A,0,52965.000000000,1,0,12741,2402066,52965.000000000,52975.000000000,2,2,2,2,NIYH6
2026-01-26T00:08:48.364531820Z,2026-01-26T00:08:48.364301581Z,1,1,7311,T,A,0,52960.000000000,1,0,12603,2402674,52960.000000000,52970.000000000,1,3,1,3,NIYH6
2026-01-26T00:08:50.332996139Z,2026-01-26T00:08:50.332777671Z,1,1,7311,T,A,0,52960.000000000,1,0,12867,2403924,52960.000000000,52965.000000000,1,2,1,1,NIYH6
2026-01-26T00:08:50.826095175Z,2026-01-26T00:08:50.825734617Z,1,1,7311,T,B,0,52965.000000000,3,0,17509,2404079,52955.000000000,52965.000000000,2,3,2,2,NIYH6
2026-01-26T00:08:50.826425781Z,2026-01-26T00:08:50.826116833Z,1,1,7311,T,A,0,52965.000000000,3,0,12740,2404089,52965.000000000,52970.000000000,4,3,1,3,NIYH6
2026-01-26T00:08:50.826683747Z,2026-01-26T00:08:50.826431393Z,1,1,7311,T,A,0,52965.000000000,1,0,12707,2404094,52965.000000000,52970.000000000,1,1,1,1,NIYH6
2026-01-26T00:08:51.019044451Z,2026-01-26T00:08:51.018813775Z,1,1,7311,T,A,0,52965.000000000,1,0,12952,2404159,52965.000000000,52970.000000000,1,2,1,2,NIYH6
2026-01-26T00:08:51.051213771Z,2026-01-26T00:08:51.050951791Z,1,1,7311,T,A,0,52965.000000000,1,0,12727,2404188,52965.000000000,52970.000000000,1,3,1,3,NIYH6
2026-01-26T00:08:51.081520658Z,2026-01-26T00:08:51.081297127Z,1,1,7311,T,A,0,52965.000000000,1,0,13262,2404212,52965.000000000,52970.000000000,1,2,1,2,NIYH6
2026-01-26T00:08:51.218412567Z,2026-01-26T00:08:51.218131023Z,1,1,7311,T,B,0,52970.000000000,2,0,15565,2404253,52960.000000000,52970.000000000,4,2,4,2,NIYH6
2026-01-26T00:08:52.853187203Z,2026-01-26T00:08:52.852994691Z,1,1,7311,T,A,0,52965.000000000,7,0,12635,2405092,52965.000000000,52970.000000000,7,1,1,1,NIYH6
2026-01-26T00:08:52.857187008Z,2026-01-26T00:08:52.856969009Z,1,1,7311,T,B,0,52970.000000000,1,0,12863,2405111,52960.000000000,52970.000000000,3,1,3,1,NIYH6
2026-01-26T00:08:55.588465226Z,2026-01-26T00:08:55.588206017Z,1,1,7311,T,B,0,52955.000000000,1,0,12661,2406566,52945.000000000,52955.000000000,4,1,4,1,NIYH6
2026-01-26T00:09:01.001969179Z,2026-01-26T00:09:01.001746823Z,1,1,7311,T,A,0,52955.000000000,1,0,12836,2409043,52955.000000000,52965.000000000,1,4,1,4,NIYH6
2026-01-26T00:09:01.002220847Z,2026-01-26T00:09:01.001984795Z,1,1,7311,T,A,0,52950.000000000,2,0,13359,2409047,52950.000000000,52965.000000000,2,4,2,4,NIYH6
2026-01-26T00:09:01.557417077Z,2026-01-26T00:09:01.557195137Z,1,1,7311,T,A,0,52945.000000000,1,0,12795,2409595,52945.000000000,52955.000000000,1,3,1,3,NIYH6
2026-01-26T00:09:03.445476952Z,2026-01-26T00:09:03.445236925Z,1,1,7311,T,A,0,52940.000000000,2,0,13094,2410421,52940.000000000,52950.000000000,2,2,2,2,NIYH6
2026-01-26T00:09:03.944225336Z,2026-01-26T00:09:03.943953209Z,1,1,7311,T,B,0,52950.000000000,1,0,12970,2410673,52935.000000000,52950.000000000,4,2,4,2,NIYH6
2026-01-26T00:09:03.944387268Z,2026-01-26T00:09:03.944182131Z,1,1,7311,T,B,0,52950.000000000,1,0,12979,2410677,52940.000000000,52950.000000000,1,1,1,1,NIYH6
2026-01-26T00:09:09.243730697Z,2026-01-26T00:09:09.243478927Z,1,1,7311,T,A,0,52945.000000000,1,0,13051,2414892,52945.000000000,52955.000000000,1,5,1,4,NIYH6
2026-01-26T00:09:12.142610826Z,2026-01-26T00:09:12.142339943Z,1,1,7311,T,B,0,52950.000000000,1,0,13059,2417379,52940.000000000,52950.000000000,1,1,1,1,NIYH6
2026-01-26T00:09:13.141874809Z,2026-01-26T00:09:13.141623695Z,1,1,7311,T,A,0,52945.000000000,2,0,13378,2417994,52945.000000000,52960.000000000,2,3,2,3,NIYH6
2026-01-26T00:09:15.423100751Z,2026-01-26T00:09:15.422855977Z,1,1,7311,T,B,0,52960.000000000,1,0,12586,2419155,52950.000000000,52960.000000000,5,1,5,1,NIYH6
2026-01-26T00:09:16.280199265Z,2026-01-26T00:09:16.279960491Z,1,1,7311,T,B,0,52960.000000000,2,0,15463,2419486,52955.000000000,52960.000000000,4,2,4,1,NIYH6
2026-01-26T00:09:19.158846926Z,2026-01-26T00:09:19.158608349Z,1,1,7311,T,B,0,52980.000000000,1,0,13012,2421373,52970.000000000,52980.000000000,5,2,5,1,NIYH6
2026-01-26T00:09:19.158894839Z,2026-01-26T00:09:19.158619811Z,1,1,7311,T,B,0,52980.000000000,1,0,15004,2421374,52970.000000000,52980.000000000,5,1,5,1,NIYH6
2026-01-26T00:09:20.004117418Z,2026-01-26T00:09:20.003880659Z,1,1,7311,T,A,0,52975.000000000,1,0,12648,2422259,52975.000000000,52985.000000000,3,1,3,1,NIYH6
2026-01-26T00:09:21.439986296Z,2026-01-26T00:09:21.439767441Z,1,1,7311,T,B,0,52985.000000000,1,0,12749,2422658,52975.000000000,52985.000000000,4,1,4,1,NIYH6
2026-01-26T00:09:30.099758498Z,2026-01-26T00:09:30.099514695Z,1,1,7311,T,A,0,52955.000000000,1,0,12689,2429396,52955.000000000,52965.000000000,1,4,1,4,NIYH6
2026-01-26T00:09:30.125202582Z,2026-01-26T00:09:30.124997711Z,1,1,7311,T,B,0,52960.000000000,1,0,13228,2429535,52950.000000000,52960.000000000,3,1,3,1,NIYH6
2026-01-26T00:09:32.287755271Z,2026-01-26T00:09:32.287387999Z,1,1,7311,T,A,0,52945.000000000,1,0,15226,2430813,52945.000000000,52955.000000000,1,3,1,3,NIYH6
2026-01-26T00:09:44.515050968Z,2026-01-26T00:09:44.514652751Z,1,1,7311,T,B,0,52955.000000000,1,0,13444,2439905,52945.000000000,52955.000000000,3,1,3,1,NIYH6
2026-01-26T00:09:46.799511489Z,2026-01-26T00:09:46.799305143Z,1,1,7311,T,A,0,52940.000000000,1,0,12892,2441148,52940.000000000,52950.000000000,2,3,1,3,NIYH6
2026-01-26T00:09:46.799721410Z,2026-01-26T00:09:46.799517409Z,1,1,7311,T,A,0,52940.000000000,1,0,12604,2441150,52940.000000000,52950.000000000,1,3,1,3,NIYH6
2026-01-26T00:09:48.623763152Z,2026-01-26T00:09:48.623506383Z,1,1,7311,T,B,0,52935.000000000,1,0,13869,2442292,52925.000000000,52935.000000000,1,2,1,2,NIYH6
2026-01-26T00:09:51.850840096Z,2026-01-26T00:09:51.850607853Z,1,1,7311,T,A,0,52945.000000000,1,0,13086,2443558,52945.000000000,52955.000000000,1,3,1,3,NIYH6
2026-01-26T00:09:58.350202712Z,2026-01-26T00:09:58.349976741Z,1,1,7311,T,A,0,52925.000000000,1,0,13419,2447052,52925.000000000,52935.000000000,2,1,2,1,NIYH6
2026-01-26T00:09:58.350400285Z,2026-01-26T00:09:58.350185531Z,1,1,7311,T,A,0,52925.000000000,1,0,13085,2447055,52925.000000000,52935.000000000,1,3,1,3,NIYH6
2026-01-26T00:09:58.350652860Z,2026-01-26T00:09:58.350414865Z,1,1,7311,T,A,0,52920.000000000,2,0,13583,2447060,52920.000000000,52935.000000000,2,4,2,4,NIYH6
2026-01-26T00:09:59.828579875Z,2026-01-26T00:09:59.828353155Z,1,1,7311,T,B,0,52925.000000000,1,0,12764,2448323,52915.000000000,52925.000000000,3,1,3,1,NIYH6
2026-01-26T00:10:01.257704746Z,2026-01-26T00:10:01.257404911Z,1,1,7311,T,B,0,52925.000000000,2,0,13621,2450597,52915.000000000,52925.000000000,4,2,4,2,NIYH6
2026-01-26T00:10:03.208004718Z,2026-01-26T00:10:03.207726053Z,1,1,7311,T,A,0,52920.000000000,2,0,12802,2452357,52920.000000000,52930.000000000,3,3,3,3,NIYH6
2026-01-26T00:10:03.208048753Z,2026-01-26T00:10:03.207744331Z,1,1,7311,T,A,0,52920.000000000,1,0,13440,2452358,52920.000000000,52930.000000000,1,3,1,3,NIYH6
2026-01-26T00:10:03.338080826Z,2026-01-26T00:10:03.337844305Z,1,1,7311,T,B,0,52925.000000000,1,0,12800,2452586,52915.000000000,52925.000000000,3,1,3,1,NIYH6
2026-01-26T00:10:04.328817045Z,2026-01-26T00:10:04.328568957Z,1,1,7311,T,B,0,52935.000000000,1,0,15712,2453613,52920.000000000,52935.000000000,4,1,4,1,NIYH6
2026-01-26T00:10:04.329124628Z,2026-01-26T00:10:04.328839433Z,1,1,7311,T,A,0,52935.000000000,1,0,12887,2453625,52935.000000000,52940.000000000,1,3,1,3,NIYH6
2026-01-26T00:10:04.411545364Z,2026-01-26T00:10:04.411261725Z,1,1,7311,T,B,0,52940.000000000,1,0,13076,2453793,52925.000000000,52940.000000000,5,2,5,2,NIYH6
2026-01-26T00:10:07.455749579Z,2026-01-26T00:10:07.455488263Z,1,1,7311,T,B,0,52925.000000000,1,0,12623,2455754,52915.000000000,52925.000000000,3,1,3,1,NIYH6
2026-01-26T00:10:07.456048376Z,2026-01-26T00:10:07.455767227Z,1,1,7311,T,A,0,52925.000000000,1,0,12680,2455764,52925.000000000,52930.000000000,2,3,1,3,NIYH6
2026-01-26T00:10:07.456284386Z,2026-01-26T00:10:07.456061377Z,1,1,7311,T,A,0,52925.000000000,1,0,11970,2455771,52925.000000000,52930.000000000,1,1,1,1,NIYH6
2026-01-26T00:10:11.115847204Z,2026-01-26T00:10:11.115560695Z,1,1,7311,T,B,0,52930.000000000,2,0,13185,2460115,52920.000000000,52930.000000000,1,2,1,2,NIYH6
2026-01-26T00:10:12.714691742Z,2026-01-26T00:10:12.714443161Z,1,1,7311,T,B,0,52960.000000000,1,0,12998,2461923,52955.000000000,52960.000000000,1,1,1,1,NIYH6
2026-01-26T00:10:13.024191410Z,2026-01-26T00:10:13.023348563Z,1,1,7311,T,N,0,52955.000000000,2,0,15095,2462543,52955.000000000,52970.000000000,4,1,4,1,NIYH6
2026-01-26T00:10:14.879609555Z,2026-01-26T00:10:14.879283527Z,1,1,7311,T,A,0,52955.000000000,1,0,13073,2463519,52955.000000000,52965.000000000,1,2,1,2,NIYH6
2026-01-26T00:10:14.879609555Z,2026-01-26T00:10:14.879283527Z,1,1,7311,T,A,0,52950.000000000,1,0,13073,2463519,52955.000000000,52965.000000000,1,2,1,2,NIYH6
2026-01-26T00:10:16.355817760Z,2026-01-26T00:10:16.355544927Z,1,1,7311,T,A,0,52950.000000000,1,0,13036,2464445,52950.000000000,52955.000000000,1,1,1,1,NIYH6
2026-01-26T00:10:21.489794643Z,2026-01-26T00:10:21.489560679Z,1,1,7311,T,A,0,52960.000000000,1,0,12968,2467112,52960.000000000,52970.000000000,1,5,1,5,NIYH6
2026-01-26T00:10:23.126353657Z,2026-01-26T00:10:23.126120371Z,1,1,7311,T,A,0,52945.000000000,1,0,12741,2468033,52945.000000000,52955.000000000,1,3,1,3,NIYH6
2026-01-26T00:10:25.817673433Z,2026-01-26T00:10:25.817390877Z,1,1,7311,T,A,0,52940.000000000,1,0,15012,2469719,52940.000000000,52955.000000000,2,5,2,5,NIYH6
2026-01-26T00:10:27.129907365Z,2026-01-26T00:10:27.129650025Z,1,1,7311,T,B,0,52955.000000000,1,0,12933,2470855,52945.000000000,52955.000000000,5,1,5,1,NIYH6
2026-01-26T00:10:27.903515175Z,2026-01-26T00:10:27.903291271Z,1,1,7311,T,A,0,52950.000000000,1,0,12757,2471495,52950.000000000,52960.000000000,3,1,3,1,NIYH6
2026-01-26T00:10:28.211259390Z,2026-01-26T00:10:28.211022565Z,1,1,7311,T,A,0,52950.000000000,1,0,13105,2471725,52950.000000000,52960.000000000,1,5,1,5,NIYH6
2026-01-26T00:10:29.498996603Z,2026-01-26T00:10:29.498745689Z,1,1,7311,T,A,0,52945.000000000,1,0,13419,2472559,52945.000000000,52960.000000000,1,6,1,6,NIYH6
2026-01-26T00:10:35.069630922Z,2026-01-26T00:10:35.069300825Z,1,1,7311,T,A,0,52925.000000000,1,0,13019,2475319,52925.000000000,52935.000000000,1,1,1,1,NIYH6
2026-01-26T00:10:40.059318088Z,2026-01-26T00:10:40.059072083Z,1,1,7311,T,B,0,52925.000000000,1,0,16463,2478802,52915.000000000,52925.000000000,4,1,4,1,NIYH6
2026-01-26T00:10:46.475174617Z,2026-01-26T00:10:46.474957295Z,1,1,7311,T,B,0,52925.000000000,1,0,13168,2483778,52915.000000000,52925.000000000,3,1,3,1,NIYH6
2026-01-26T00:11:00.753496561Z,2026-01-26T00:11:00.753265801Z,1,1,7311,T,A,0,52935.000000000,1,0,13171,2491685,52935.000000000,52945.000000000,1,4,1,4,NIYH6
2026-01-26T00:11:00.753810288Z,2026-01-26T00:11:00.753512529Z,1,1,7311,T,A,0,52930.000000000,2,0,12904,2491692,52930.000000000,52945.000000000,2,4,2,4,NIYH6
2026-01-26T00:11:04.968925301Z,2026-01-26T00:11:04.968674645Z,1,1,7311,T,B,0,52940.000000000,1,0,14078,2494447,52930.000000000,52940.000000000,4,1,4,1,NIYH6
2026-01-26T00:11:06.177049189Z,2026-01-26T00:11:06.176802767Z,1,1,7311,T,A,0,52935.000000000,1,0,12695,2495215,52935.000000000,52945.000000000,2,3,2,3,NIYH6
2026-01-26T00:11:06.177108813Z,2026-01-26T00:11:06.176811905Z,1,1,7311,T,A,0,52935.000000000,1,0,13931,2495216,52935.000000000,52945.000000000,1,3,1,3,NIYH6
2026-01-26T00:11:13.207000732Z,2026-01-26T00:11:13.206766971Z,1,1,7311,T,B,0,52935.000000000,1,0,15164,2498843,52920.000000000,52935.000000000,5,1,5,1,NIYH6
2026-01-26T00:11:14.093681738Z,2026-01-26T00:11:14.093437929Z,1,1,7311,T,B,0,52950.000000000,1,0,12714,2500315,52940.000000000,52950.000000000,4,1,4,1,NIYH6
2026-01-26T00:11:14.099928348Z,2026-01-26T00:11:14.099734843Z,1,1,7311,T,A,0,52945.000000000,1,0,11687,2500364,52945.000000000,52950.000000000,1,1,1,1,NIYH6
2026-01-26T00:11:15.145791617Z,2026-01-26T00:11:15.145549025Z,1,1,7311,T,B,0,52955.000000000,1,0,12804,2501087,52945.000000000,52955.000000000,4,1,4,1,NIYH6
2026-01-26T00:11:15.200947084Z,2026-01-26T00:11:15.200744535Z,1,1,7311,T,B,0,52960.000000000,1,0,12864,2501261,52950.000000000,52960.000000000,4,1,4,1,NIYH6
2026-01-26T00:11:15.201218619Z,2026-01-26T00:11:15.200939405Z,1,1,7311,T,B,0,52960.000000000,1,0,13172,2501267,52950.000000000,52960.000000000,4,1,4,1,NIYH6
2026-01-26T00:11:15.210924174Z,2026-01-26T00:11:15.210644841Z,1,1,7311,T,B,0,52960.000000000,1,0,13069,2501400,52955.000000000,52960.000000000,2,1,1,1,NIYH6
2026-01-26T00:11:15.210975589Z,2026-01-26T00:11:15.210647695Z,1,1,7311,T,B,0,52960.000000000,1,0,15765,2501401,52955.000000000,52960.000000000,3,1,2,1,NIYH6
2026-01-26T00:11:15.211182847Z,2026-01-26T00:11:15.210991577Z,1,1,7311,T,B,0,52960.000000000,1,0,13484,2501409,52955.000000000,52960.000000000,4,1,3,1,NIYH6
2026-01-26T00:11:15.211258298Z,2026-01-26T00:11:15.210995053Z,1,1,7311,T,B,0,52960.000000000,1,0,12912,2501410,52955.000000000,52960.000000000,4,1,3,1,NIYH6
2026-01-26T00:11:15.211258298Z,2026-01-26T00:11:15.210995511Z,1,1,7311,T,B,0,52960.000000000,1,0,12912,2501410,52955.000000000,52960.000000000,4,1,3,1,NIYH6
2026-01-26T00:11:15.211330433Z,2026-01-26T00:11:15.211132575Z,1,1,7311,T,B,0,52960.000000000,1,0,14809,2501411,52955.000000000,52960.000000000,4,1,3,1,NIYH6
2026-01-26T00:11:15.213970449Z,2026-01-26T00:11:15.213767811Z,1,1,7311,T,B,0,52960.000000000,1,0,12886,2501425,52955.000000000,52960.000000000,4,1,3,1,NIYH6
2026-01-26T00:11:15.214167369Z,2026-01-26T00:11:15.213984415Z,1,1,7311,T,B,0,52960.000000000,1,0,14461,2501428,52955.000000000,52960.000000000,4,1,3,1,NIYH6
2026-01-26T00:11:15.660677790Z,2026-01-26T00:11:15.660448941Z,1,1,7311,T,A,0,52955.000000000,2,0,13177,2501736,52955.000000000,52960.000000000,3,2,2,2,NIYH6
2026-01-26T00:11:15.660718100Z,2026-01-26T00:11:15.660449921Z,1,1,7311,T,A,0,52955.000000000,1,0,14492,2501737,52955.000000000,52960.000000000,1,2,1,2,NIYH6
2026-01-26T00:11:16.389695743Z,2026-01-26T00:11:16.389470525Z,1,1,7311,T,B,0,52960.000000000,1,0,12710,2502054,52950.000000000,52960.000000000,6,2,6,2,NIYH6
2026-01-26T00:11:16.389868097Z,2026-01-26T00:11:16.389670063Z,1,1,7311,T,B,0,52960.000000000,1,0,13060,2502056,52955.000000000,52960.000000000,1,1,1,1,NIYH6
2026-01-26T00:11:17.236151590Z,2026-01-26T00:11:17.235435839Z,1,1,7311,T,B,0,52975.000000000,2,0,13792,2502853,52960.000000000,52975.000000000,4,1,4,1,NIYH6
2026-01-26T00:11:17.534665204Z,2026-01-26T00:11:17.534420179Z,1,1,7311,T,A,0,52970.000000000,1,0,12768,2503200,52970.000000000,52980.000000000,1,3,1,3,NIYH6
2026-01-26T00:11:21.947224015Z,2026-01-26T00:11:21.946495717Z,1,1,7311,T,N,0,52955.000000000,1,0,14039,2506245,52955.000000000,52970.000000000,1,5,1,5,NIYH6
2026-01-26T00:11:22.130156991Z,2026-01-26T00:11:22.129913003Z,1,1,7311,T,A,0,52945.000000000,2,0,12826,2506511,52945.000000000,52955.000000000,3,1,3,1,NIYH6
2026-01-26T00:11:22.130196665Z,2026-01-26T00:11:22.129916037Z,1,1,7311,T,A,0,52945.000000000,1,0,13401,2506512,52945.000000000,52955.000000000,1,1,1,1,NIYH6
2026-01-26T00:11:34.477128413Z,2026-01-26T00:11:34.476854089Z,1,1,7311,T,A,0,52945.000000000,1,0,12900,2513880,52945.000000000,52955.000000000,1,4,1,4,NIYH6
2026-01-26T00:11:36.067421280Z,2026-01-26T00:11:36.067105991Z,1,1,7311,T,B,0,52950.000000000,1,0,12906,2514575,52940.000000000,52950.000000000,1,1,1,1,NIYH6
2026-01-26T00:11:38.273977967Z,2026-01-26T00:11:38.273738631Z,1,1,7311,T,B,0,52930.000000000,1,0,13296,2516016,52920.000000000,52930.000000000,1,2,1,2,NIYH6
2026-01-26T00:11:46.539670416Z,2026-01-26T00:11:46.539409475Z,1,1,7311,T,B,0,52920.000000000,1,0,12733,2520014,52910.000000000,52920.000000000,3,1,3,1,NIYH6
2026-01-26T00:11:49.021858430Z,2026-01-26T00:11:49.021592763Z,1,1,7311,T,A,0,52895.000000000,1,0,12662,2521197,52895.000000000,52910.000000000,1,5,1,5,NIYH6
2026-01-26T00:11:50.134364904Z,2026-01-26T00:11:50.134103861Z,1,1,7311,T,B,0,52895.000000000,1,0,12831,2521964,52885.000000000,52895.000000000,4,2,4,2,NIYH6
2026-01-26T00:12:01.199267397Z,2026-01-26T00:12:01.198926429Z,1,1,7311,T,B,0,52865.000000000,1,0,12788,2531827,52855.000000000,52865.000000000,4,1,4,1,NIYH6
2026-01-26T00:12:11.050619021Z,2026-01-26T00:12:11.050350869Z,1,1,7311,T,B,0,52885.000000000,1,0,12891,2540579,52875.000000000,52885.000000000,4,1,4,1,NIYH6
2026-01-26T00:12:12.614145821Z,2026-01-26T00:12:12.607978767Z,1,1,7311,T,B,0,52895.000000000,1,0,14048,2541641,52885.000000000,52895.000000000,1,1,1,1,NIYH6
2026-01-26T00:12:12.668855080Z,2026-01-26T00:12:12.634982121Z,1,1,7311,T,A,0,52895.000000000,1,0,16847,2541867,52895.000000000,52900.000000000,1,1,1,1,NIYH6
2026-01-26T00:12:12.715374427Z,2026-01-26T00:12:12.715123015Z,1,1,7311,T,B,0,52900.000000000,1,0,12866,2542161,52890.000000000,52900.000000000,2,2,2,2,NIYH6
2026-01-26T00:12:12.715840581Z,2026-01-26T00:12:12.715659881Z,1,1,7311,T,B,0,52900.000000000,1,0,11852,2542167,52890.000000000,52900.000000000,3,1,3,1,NIYH6
2026-01-26T00:12:13.777954617Z,2026-01-26T00:12:13.777739679Z,1,1,7311,T,A,0,52895.000000000,1,0,12633,2543952,52895.000000000,52905.000000000,1,4,1,4,NIYH6
2026-01-26T00:12:15.141377579Z,2026-01-26T00:12:15.141105931Z,1,1,7311,T,A,0,52890.000000000,1,0,13193,2545523,52890.000000000,52895.000000000,1,1,1,1,NIYH6
2026-01-26T00:12:26.073134660Z,2026-01-26T00:12:26.072902639Z,1,1,7311,T,A,0,52895.000000000,1,0,12753,2553134,52895.000000000,52905.000000000,1,4,1,4,NIYH6
2026-01-26T00:12:27.528946210Z,2026-01-26T00:12:27.528636793Z,1,1,7311,T,B,0,52900.000000000,2,0,12958,2553878,52890.000000000,52900.000000000,3,2,3,2,NIYH6
2026-01-26T00:12:27.529563603Z,2026-01-26T00:12:27.529172235Z,1,1,7311,T,B,0,52905.000000000,1,0,13178,2553902,52895.000000000,52905.000000000,3,1,3,1,NIYH6
2026-01-26T00:12:30.144640632Z,2026-01-26T00:12:30.144401599Z,1,1,7311,T,B,0,52910.000000000,1,0,12942,2554935,52895.000000000,52910.000000000,4,1,4,1,NIYH6
2026-01-26T00:12:30.144908504Z,2026-01-26T00:12:30.144659349Z,1,1,7311,T,A,0,52910.000000000,1,0,11904,2554945,52910.000000000,52915.000000000,1,3,1,3,NIYH6
2026-01-26T00:12:31.342333818Z,2026-01-26T00:12:31.342060195Z,1,1,7311,T,B,0,52915.000000000,1,0,16058,2555365,52905.000000000,52915.000000000,1,2,1,2,NIYH6
2026-01-26T00:12:37.309514427Z,2026-01-26T00:12:37.309265875Z,1,1,7311,T,A,0,52905.000000000,1,0,14002,2558791,52905.000000000,52915.000000000,1,4,1,4,NIYH6
2026-01-26T00:12:40.132865466Z,2026-01-26T00:12:40.132599575Z,1,1,7311,T,B,0,52915.000000000,1,0,13412,2560202,52905.000000000,52915.000000000,3,1,3,1,NIYH6
2026-01-26T00:12:40.657201841Z,2026-01-26T00:12:40.656932337Z,1,1,7311,T,A,0,52910.000000000,1,0,12737,2560425,52910.000000000,52920.000000000,1,3,1,3,NIYH6
2026-01-26T00:12:54.409510075Z,2026-01-26T00:12:54.408449841Z,1,1,7311,T,B,0,52935.000000000,3,0,12990,2567063,52925.000000000,52935.000000000,1,1,1,1,NIYH6
2026-01-26T00:12:55.010391058Z,2026-01-26T00:12:55.010155405Z,1,1,7311,T,B,0,52940.000000000,1,0,13394,2567373,52930.000000000,52940.000000000,3,1,3,1,NIYH6
2026-01-26T00:12:55.010939642Z,2026-01-26T00:12:55.010586849Z,1,1,7311,T,B,0,52945.000000000,1,0,13050,2567402,52940.000000000,52945.000000000,2,1,2,1,NIYH6
2026-01-26T00:12:55.323562759Z,2026-01-26T00:12:55.323292181Z,1,1,7311,T,A,0,52940.000000000,1,0,14848,2567529,52940.000000000,52950.000000000,1,4,1,4,NIYH6
2026-01-26T00:12:57.198796353Z,2026-01-26T00:12:57.198542103Z,1,1,7311,T,B,0,52950.000000000,1,0,13427,2568430,52940.000000000,52950.000000000,3,1,3,1,NIYH6
2026-01-26T00:13:00.474110585Z,2026-01-26T00:13:00.473884471Z,1,1,7311,T,A,0,52950.000000000,1,0,12890,2570049,52950.000000000,52960.000000000,1,4,1,4,NIYH6
2026-01-26T00:13:02.351561753Z,2026-01-26T00:13:02.351290531Z,1,1,7311,T,B,0,52955.000000000,1,0,12911,2571161,52940.000000000,52955.000000000,3,3,3,3,NIYH6
2026-01-26T00:13:02.351718632Z,2026-01-26T00:13:02.351293391Z,1,1,7311,T,B,0,52955.000000000,2,0,14023,2571163,52950.000000000,52955.000000000,1,2,1,2,NIYH6
2026-01-26T00:13:02.352756268Z,2026-01-26T00:13:02.351955109Z,1,1,7311,T,B,0,52960.000000000,1,0,12997,2571227,52955.000000000,52960.000000000,3,1,3,1,NIYH6
2026-01-26T00:13:02.353128798Z,2026-01-26T00:13:02.352092631Z,1,1,7311,T,B,0,52960.000000000,1,128,13906,2571229,52955.000000000,52965.000000000,3,3,3,3,NIYH6
2026-01-26T00:13:02.353653092Z,2026-01-26T00:13:02.352616349Z,1,1,7311,T,N,0,52955.000000000,1,0,13567,2571251,52955.000000000,52965.000000000,3,2,3,2,NIYH6
2026-01-26T00:13:02.353706642Z,2026-01-26T00:13:02.352675595Z,1,1,7311,T,A,0,52955.000000000,1,0,15510,2571252,52955.000000000,52965.000000000,2,2,2,2,NIYH6
2026-01-26T00:13:04.051763048Z,2026-01-26T00:13:04.051510659Z,1,1,7311,T,B,0,52960.000000000,1,0,12765,2572339,52950.000000000,52960.000000000,5,1,5,1,NIYH6
2026-01-26T00:13:06.594300176Z,2026-01-26T00:13:06.594026921Z,1,1,7311,T,A,0,52955.000000000,2,0,13425,2573667,52955.000000000,52965.000000000,2,4,2,4,NIYH6
2026-01-26T00:13:12.764349565Z,2026-01-26T00:13:12.764093969Z,1,1,7311,T,A,0,52965.000000000,1,0,12602,2578802,52965.000000000,52970.000000000,1,2,1,1,NIYH6
2026-01-26T00:13:19.930128139Z,2026-01-26T00:13:19.929872863Z,1,1,7311,T,A,0,52960.000000000,1,0,12478,2582758,52960.000000000,52965.000000000,1,2,1,1,NIYH6
2026-01-26T00:13:19.951445774Z,2026-01-26T00:13:19.951219175Z,1,1,7311,T,A,0,52960.000000000,1,0,12891,2582794,52960.000000000,52965.000000000,1,4,1,3,NIYH6
2026-01-26T00:13:19.982363277Z,2026-01-26T00:13:19.982110477Z,1,1,7311,T,A,0,52960.000000000,1,0,12878,2582840,52960.000000000,52965.000000000,1,2,1,1,NIYH6
2026-01-26T00:13:24.644661657Z,2026-01-26T00:13:24.644369849Z,1,1,7311,T,B,0,52940.000000000,1,0,12954,2586454,52930.000000000,52940.000000000,3,1,3,1,NIYH6
2026-01-26T00:13:24.893375446Z,2026-01-26T00:13:24.893109411Z,1,1,7311,T,B,0,52945.000000000,1,0,13013,2586789,52935.000000000,52945.000000000,5,1,5,1,NIYH6
2026-01-26T00:13:30.131634521Z,2026-01-26T00:13:30.131202157Z,1,1,7311,T,B,0,52940.000000000,1,0,13121,2588751,52930.000000000,52940.000000000,4,2,4,1,NIYH6
2026-01-26T00:13:30.131683724Z,2026-01-26T00:13:30.131214311Z,1,1,7311,T,B,0,52940.000000000,1,0,16253,2588752,52930.000000000,52940.000000000,4,1,4,1,NIYH6
2026-01-26T00:13:31.252465637Z,2026-01-26T00:13:31.252254825Z,1,1,7311,T,B,0,52950.000000000,1,0,12986,2589445,52940.000000000,52950.000000000,6,1,6,1,NIYH6
2026-01-26T00:13:33.407562980Z,2026-01-26T00:13:33.407319671Z,1,1,7311,T,A,0,52955.000000000,1,0,13063,2590848,52955.000000000,52965.000000000,1,4,1,4,NIYH6
2026-01-26T00:13:39.236449900Z,2026-01-26T00:13:39.236192579Z,1,1,7311,T,A,0,52930.000000000,1,0,12969,2593902,52930.000000000,52940.000000000,1,3,1,3,NIYH6
2026-01-26T00:13:40.474301261Z,2026-01-26T00:13:40.474027083Z,1,1,7311,T,B,0,52935.000000000,1,0,13085,2594763,52920.000000000,52935.000000000,4,2,4,2,NIYH6
2026-01-26T00:13:40.474389623Z,2026-01-26T00:13:40.474027927Z,1,1,7311,T,B,0,52935.000000000,1,0,16390,2594764,52920.000000000,52935.000000000,4,1,4,1,NIYH6
2026-01-26T00:13:47.710676738Z,2026-01-26T00:13:47.710434821Z,1,1,7311,T,A,0,52945.000000000,1,0,12735,2598981,52945.000000000,52955.000000000,1,4,1,4,NIYH6
2026-01-26T00:13:49.051234214Z,2026-01-26T00:13:49.050811861Z,1,1,7311,T,B,0,52955.000000000,1,0,14697,2599745,52945.000000000,52955.000000000,4,1,4,1,NIYH6
2026-01-26T00:13:51.347787695Z,2026-01-26T00:13:51.347567775Z,1,1,7311,T,B,0,52955.000000000,1,0,12746,2601340,52945.000000000,52955.000000000,5,1,5,1,NIYH6
2026-01-26T00:13:58.032644292Z,2026-01-26T00:13:58.032403663Z,1,1,7311,T,A,0,52960.000000000,1,0,12653,2603850,52960.000000000,52970.000000000,1,4,1,3,NIYH6
2026-01-26T00:13:59.311180290Z,2026-01-26T00:13:59.310948999Z,1,1,7311,T,A,0,52955.000000000,1,0,13431,2604909,52955.000000000,52965.000000000,1,4,1,4,NIYH6
2026-01-26T00:14:06.297700088Z,2026-01-26T00:14:06.297470781Z,1,1,7311,T,B,0,52965.000000000,1,0,13246,2609698,52955.000000000,52965.000000000,4,1,4,1,NIYH6
2026-01-26T00:14:08.907327636Z,2026-01-26T00:14:08.907073073Z,1,1,7311,T,A,0,52960.000000000,1,0,12753,2610853,52960.000000000,52970.000000000,1,4,1,4,NIYH6
2026-01-26T00:14:12.519253896Z,2026-01-26T00:14:12.519035405Z,1,1,7311,T,A,0,52960.000000000,1,0,13031,2612435,52960.000000000,52965.000000000,1,1,1,1,NIYH6
2026-01-26T00:14:23.770705561Z,2026-01-26T00:14:23.770453583Z,1,1,7311,T,B,0,52970.000000000,1,0,12793,2617379,52960.000000000,52970.000000000,1,1,1,1,NIYH6
2026-01-26T00:14:23.771141163Z,2026-01-26T00:14:23.770471379Z,1,1,7311,T,B,0,52975.000000000,4,0,13743,2617384,52970.000000000,52975.000000000,1,4,1,4,NIYH6
2026-01-26T00:14:23.771282997Z,2026-01-26T00:14:23.770473809Z,1,1,7311,T,B,0,52980.000000000,2,0,14394,2617386,52970.000000000,52980.000000000,1,4,1,4,NIYH6
2026-01-26T00:14:23.772890952Z,2026-01-26T00:14:23.771071509Z,1,1,7311,T,B,0,52980.000000000,1,0,17346,2617402,52970.000000000,52980.000000000,9,1,4,1,NIYH6
2026-01-26T00:14:23.773417565Z,2026-01-26T00:14:23.771427881Z,1,1,7311,T,A,0,52970.000000000,1,0,16857,2617405,52970.000000000,52985.000000000,11,3,6,3,NIYH6
2026-01-26T00:14:23.773417565Z,2026-01-26T00:14:23.771511149Z,1,1,7311,T,A,0,52970.000000000,1,0,16857,2617405,52970.000000000,52985.000000000,10,3,5,3,NIYH6
2026-01-26T00:14:23.773556558Z,2026-01-26T00:14:23.771545841Z,1,1,7311,T,B,0,52985.000000000,1,0,17081,2617406,52970.000000000,52985.000000000,9,3,5,3,NIYH6
2026-01-26T00:14:23.774099997Z,2026-01-26T00:14:23.773199463Z,1,1,7311,T,B,0,52985.000000000,1,0,16866,2617411,52975.000000000,52985.000000000,2,2,2,2,NIYH6
2026-01-26T00:14:23.774360174Z,2026-01-26T00:14:23.773525657Z,1,1,7311,T,B,0,52985.000000000,1,0,15394,2617415,52975.000000000,52985.000000000,2,1,2,1,NIYH6
2026-01-26T00:14:23.777691730Z,2026-01-26T00:14:23.777400639Z,1,1,7311,T,B,0,52990.000000000,1,0,13930,2617484,52980.000000000,52990.000000000,2,1,2,1,NIYH6
2026-01-26T00:14:24.289231562Z,2026-01-26T00:14:24.289003901Z,1,1,7311,T,A,0,52990.000000000,2,0,13088,2617961,52990.000000000,52995.000000000,2,2,2,1,NIYH6
2026-01-26T00:14:24.301819148Z,2026-01-26T00:14:24.301604701Z,1,1,7311,T,A,0,52985.000000000,1,0,12752,2617997,52985.000000000,52990.000000000,1,2,1,1,NIYH6
