ts_recv,ts_event,rtype,publisher_id,instrument_id,action,side,depth,price,size,flags,ts_in_delta,sequence,bid_px_00,ask_px_00,bid_sz_00,ask_sz_00,bid_ct_00,ask_ct_00,symbol
2026-01-25T23:00:00.131246981Z,2026-01-25T23:00:00.000000000Z,1,1,7311,T,N,0,52495.000000000,7,0,12752,18509,52780.000000000,52450.000000000,2,4,1,2,NIYH6
2026-01-25T23:00:00.154303340Z,2026-01-25T23:00:00.000000000Z,1,1,7311,T,N,0,52500.000000000,1,0,12310,18706,52445.000000000,52500.000000000,2,2,2,2,NIYH6
2026-01-25T23:00:00.387520406Z,2026-01-25T23:00:00.307740201Z,1,1,7311,T,A,0,52445.000000000,1,0,13380,20547,52445.000000000,52470.000000000,1,2,1,2,NIYH6
2026-01-25T23:00:00.403622674Z,2026-01-25T23:00:00.364205755Z,1,1,7311,T,A,0,52435.000000000,1,0,12913,20810,52435.000000000,52470.000000000,4,2,1,2,NIYH6
2026-01-25T23:00:00.415346634Z,2026-01-25T23:00:00.376336961Z,1,1,7311,T,A,0,52435.000000000,1,0,13158,20935,52435.000000000,52470.000000000,3,2,1,2,NIYH6
2026-01-25T23:00:00.417012186Z,2026-01-25T23:00:00.378716405Z,1,1,7311,T,B,0,52470.000000000,1,0,13058,20958,52435.000000000,52470.000000000,2,2,1,2,NIYH6
2026-01-25T23:00:00.428818801Z,2026-01-25T23:00:00.397153857Z,1,1,7311,T,A,0,52435.000000000,1,0,13088,21094,52435.000000000,52470.000000000,2,1,1,1,NIYH6
2026-01-25T23:00:00.438776400Z,2026-01-25T23:00:00.405751655Z,1,1,7311,T,A,0,52435.000000000,1,0,12756,21185,52435.000000000,52470.000000000,1,1,1,1,NIYH6
2026-01-25T23:00:00.654157891Z,2026-01-25T23:00:00.653259051Z,1,1,7311,T,A,0,52330.000000000,3,0,13472,23700,52330.000000000,52355.000000000,3,1,1,1,NIYH6
2026-01-25T23:00:00.729151749Z,2026-01-25T23:00:00.728599967Z,1,1,7311,T,A,0,52270.000000000,2,0,13124,24131,52270.000000000,52305.000000000,2,2,1,2,NIYH6
2026-01-25T23:00:01.183814497Z,2026-01-25T23:00:01.183368391Z,1,1,7311,T,A,0,52260.000000000,5,0,13373,25355,52260.000000000,52280.000000000,5,2,3,2,NIYH6
2026-01-25T23:00:01.571606498Z,2026-01-25T23:00:01.571045017Z,1,1,7311,T,A,0,52250.000000000,2,0,13017,26272,52250.000000000,52285.000000000,2,2,2,2,NIYH6
2026-01-25T23:00:01.571795070Z,2026-01-25T23:00:01.571083185Z,1,1,7311,T,A,0,52245.000000000,1,0,12474,26274,52245.000000000,52285.000000000,1,2,1,2,NIYH6
2026-01-25T23:00:01.590633158Z,2026-01-25T23:00:01.589784029Z,1,1,7311,T,A,0,52215.000000000,4,0,13624,26593,52215.000000000,52255.000000000,4,1,2,1,NIYH6
2026-01-25T23:00:01.663855732Z,2026-01-25T23:00:01.663207895Z,1,1,7311,T,A,0,52200.000000000,6,0,13449,26873,52200.000000000,52245.000000000,6,1,3,1,NIYH6
2026-01-25T23:00:02.376257897Z,2026-01-25T23:00:02.375931961Z,1,1,7311,T,B,0,52215.000000000,1,0,12629,28828,52180.000000000,52215.000000000,3,1,3,1,NIYH6
2026-01-25T23:00:06.790437120Z,2026-01-25T23:00:06.789913243Z,1,1,7311,T,B,0,52220.000000000,1,0,13083,33481,52190.000000000,52220.000000000,2,1,2,1,NIYH6
2026-01-25T23:00:08.746626153Z,2026-01-25T23:00:08.746318093Z,1,1,7311,T,A,0,52250.000000000,1,0,12597,34822,52250.000000000,52260.000000000,1,3,1,3,NIYH6
2026-01-25T23:00:08.746964609Z,2026-01-25T23:00:08.746661487Z,1,1,7311,T,A,0,52250.000000000,2,0,12613,34829,52250.000000000,52260.000000000,2,3,1,3,NIYH6
2026-01-25T23:00:08.778092877Z,2026-01-25T23:00:08.777726157Z,1,1,7311,T,B,0,52255.000000000,1,0,12889,34873,52225.000000000,52255.000000000,3,1,2,1,NIYH6
2026-01-25T23:00:09.060451293Z,2026-01-25T23:00:09.060056415Z,1,1,7311,T,B,0,52260.000000000,1,0,12918,35535,52225.000000000,52260.000000000,3,1,2,1,NIYH6
2026-01-25T23:00:10.406359417Z,2026-01-25T23:00:10.404445919Z,1,1,7311,T,N,0,52260.000000000,1,0,13906,39301,52225.000000000,52260.000000000,4,1,3,1,NIYH6
2026-01-25T23:00:10.406359417Z,2026-01-25T23:00:10.404445919Z,1,1,7311,T,N,0,52265.000000000,1,0,13906,39301,52225.000000000,52260.000000000,4,1,3,1,NIYH6
2026-01-25T23:00:11.434440098Z,2026-01-25T23:00:11.434071369Z,1,1,7311,T,A,0,52235.000000000,1,0,13130,41973,52235.000000000,52250.000000000,4,2,3,2,NIYH6
2026-01-25T23:00:11.523132182Z,2026-01-25T23:00:11.512525159Z,1,1,7311,T,A,0,52235.000000000,1,0,13014,42240,52235.000000000,52245.000000000,3,1,3,1,NIYH6
2026-01-25T23:00:11.525741364Z,2026-01-25T23:00:11.522825745Z,1,1,7311,T,A,0,52235.000000000,1,0,13319,42349,52235.000000000,52245.000000000,2,1,2,1,NIYH6
2026-01-25T23:00:11.526884073Z,2026-01-25T23:00:11.523930715Z,1,1,7311,T,A,0,52235.000000000,1,0,13252,42389,52235.000000000,52245.000000000,1,1,1,1,NIYH6
2026-01-25T23:00:11.528264542Z,2026-01-25T23:00:11.526928891Z,1,1,7311,T,A,0,52235.000000000,1,0,13160,42410,52235.000000000,52245.000000000,1,2,1,2,NIYH6
2026-01-25T23:00:14.040031935Z,2026-01-25T23:00:14.039685867Z,1,1,7311,T,B,0,52240.000000000,1,0,13034,45045,52230.000000000,52240.000000000,2,1,2,1,NIYH6
2026-01-25T23:00:15.479562788Z,2026-01-25T23:00:15.479138445Z,1,1,7311,T,B,0,52270.000000000,1,0,72043,46150,52250.000000000,52270.000000000,3,1,3,1,NIYH6
2026-01-25T23:00:16.002105455Z,2026-01-25T23:00:16.001586115Z,1,1,7311,T,B,0,52280.000000000,1,0,12886,46515,52250.000000000,52280.000000000,3,1,3,1,NIYH6
2026-01-25T23:00:18.335065738Z,2026-01-25T23:00:18.334720085Z,1,1,7311,T,A,0,52285.000000000,1,0,13405,49118,52285.000000000,52325.000000000,1,2,1,2,NIYH6
2026-01-25T23:00:18.387232421Z,2026-01-25T23:00:18.386874953Z,1,1,7311,T,A,0,52285.000000000,1,0,13454,49211,52285.000000000,52325.000000000,1,3,1,3,NIYH6
2026-01-25T23:00:20.410068148Z,2026-01-25T23:00:20.409101721Z,1,1,7311,T,N,0,52320.000000000,1,0,13465,50520,52285.000000000,52320.000000000,1,1,1,1,NIYH6
2026-01-25T23:00:20.743757110Z,2026-01-25T23:00:20.741675365Z,1,1,7311,T,B,0,52325.000000000,1,0,12948,51151,52290.000000000,52325.000000000,1,1,1,1,NIYH6
2026-01-25T23:00:21.904810669Z,2026-01-25T23:00:21.902496947Z,1,1,7311,T,A,0,52300.000000000,1,0,13004,58004,52300.000000000,52325.000000000,1,3,1,3,NIYH6
2026-01-25T23:00:22.242331889Z,2026-01-25T23:00:22.241498229Z,1,1,7311,T,N,0,52290.000000000,1,0,13717,59120,52290.000000000,52325.000000000,1,3,1,3,NIYH6
2026-01-25T23:00:22.809560507Z,2026-01-25T23:00:22.808817215Z,1,1,7311,T,A,0,52300.000000000,1,0,13012,59669,52300.000000000,52325.000000000,1,3,1,3,NIYH6
2026-01-25T23:00:24.422136147Z,2026-01-25T23:00:24.421810137Z,1,1,7311,T,B,0,52305.000000000,2,0,13170,62009,52280.000000000,52305.000000000,1,2,1,2,NIYH6
2026-01-25T23:00:25.944997406Z,2026-01-25T23:00:25.944217615Z,1,1,7311,T,A,0,52300.000000000,1,0,13161,63908,52300.000000000,52315.000000000,1,1,1,1,NIYH6
2026-01-25T23:00:25.956132855Z,2026-01-25T23:00:25.955837893Z,1,1,7311,T,B,0,52310.000000000,1,0,13488,64027,52280.000000000,52310.000000000,1,2,1,2,NIYH6
2026-01-25T23:00:25.965160993Z,2026-01-25T23:00:25.964897025Z,1,1,7311,T,B,0,52310.000000000,1,0,13389,64033,52280.000000000,52310.000000000,1,1,1,1,NIYH6
2026-01-25T23:00:26.720662511Z,2026-01-25T23:00:26.720378439Z,1,1,7311,T,A,0,52315.000000000,1,0,13362,64999,52315.000000000,52325.000000000,1,2,1,2,NIYH6
2026-01-25T23:00:27.220154205Z,2026-01-25T23:00:27.219287219Z,1,1,7311,T,N,0,52260.000000000,1,0,13170,65775,52260.000000000,52275.000000000,1,1,1,1,NIYH6
2026-01-25T23:00:31.927912119Z,2026-01-25T23:00:31.923791425Z,1,1,7311,T,A,0,52225.000000000,1,0,12692,70664,52225.000000000,52275.000000000,1,3,1,3,NIYH6
2026-01-25T23:00:33.899366227Z,2026-01-25T23:00:33.898922763Z,1,1,7311,T,A,0,52205.000000000,1,0,15592,72164,52205.000000000,52220.000000000,1,7,1,2,NIYH6
2026-01-25T23:00:35.553131951Z,2026-01-25T23:00:35.551809213Z,1,1,7311,T,B,0,52215.000000000,1,0,16123,72779,52180.000000000,52215.000000000,2,1,2,1,NIYH6
2026-01-25T23:00:35.553131951Z,2026-01-25T23:00:35.551809213Z,1,1,7311,T,B,0,52220.000000000,6,0,16123,72779,52180.000000000,52215.000000000,2,1,2,1,NIYH6
2026-01-25T23:00:35.553131951Z,2026-01-25T23:00:35.551809213Z,1,1,7311,T,B,0,52260.000000000,1,0,16123,72779,52180.000000000,52215.000000000,2,1,2,1,NIYH6
2026-01-25T23:00:35.553131951Z,2026-01-25T23:00:35.551809213Z,1,1,7311,T,B,0,52270.000000000,1,0,16123,72779,52180.000000000,52215.000000000,2,1,2,1,NIYH6
2026-01-25T23:00:35.553131951Z,2026-01-25T23:00:35.551809213Z,1,1,7311,T,B,0,52275.000000000,1,0,16123,72779,52180.000000000,52215.000000000,2,1,2,1,NIYH6
2026-01-25T23:00:35.553131951Z,2026-01-25T23:00:35.551809213Z,1,1,7311,T,B,0,52280.000000000,6,0,16123,72779,52180.000000000,52215.000000000,2,1,2,1,NIYH6
2026-01-25T23:00:35.554049648Z,2026-01-25T23:00:35.553192281Z,1,1,7311,T,B,0,52280.000000000,1,128,13142,72789,52185.000000000,52330.000000000,6,3,4,1,NIYH6
2026-01-25T23:00:47.836859301Z,2026-01-25T23:00:47.835932961Z,1,1,7311,T,N,0,52220.000000000,1,0,13133,102522,52220.000000000,52280.000000000,5,1,4,1,NIYH6
2026-01-25T23:00:48.930445301Z,2026-01-25T23:00:48.930181657Z,1,1,7311,T,B,0,52280.000000000,1,0,12906,104906,52235.000000000,52280.000000000,2,1,2,1,NIYH6
2026-01-25T23:00:50.257331785Z,2026-01-25T23:00:50.256030223Z,1,1,7311,T,B,0,52280.000000000,1,128,13460,110636,52245.000000000,52300.000000000,2,1,2,1,NIYH6
2026-01-25T23:00:57.059825428Z,2026-01-25T23:00:57.058877391Z,1,1,7311,T,B,0,52320.000000000,1,0,12011,124523,52290.000000000,52320.000000000,1,1,1,1,NIYH6
2026-01-25T23:00:57.060909320Z,2026-01-25T23:00:57.059314583Z,1,1,7311,T,B,0,52330.000000000,3,0,13405,124571,52290.000000000,52330.000000000,1,3,1,1,NIYH6
2026-01-25T23:00:57.062512006Z,2026-01-25T23:00:57.060915389Z,1,1,7311,T,B,0,52335.000000000,1,0,13171,124678,52290.000000000,52335.000000000,1,1,1,1,NIYH6
2026-01-25T23:00:58.371445929Z,2026-01-25T23:00:58.371129919Z,1,1,7311,T,B,0,52345.000000000,1,0,13107,127077,52320.000000000,52345.000000000,3,1,3,1,NIYH6
2026-01-25T23:00:58.420816181Z,2026-01-25T23:00:58.420486569Z,1,1,7311,T,B,0,52365.000000000,1,0,13152,127118,52345.000000000,52365.000000000,1,1,1,1,NIYH6
2026-01-25T23:00:58.422637414Z,2026-01-25T23:00:58.422332413Z,1,1,7311,T,A,0,52380.000000000,1,0,13315,127160,52380.000000000,52400.000000000,1,4,1,3,NIYH6
2026-01-25T23:00:58.422903351Z,2026-01-25T23:00:58.422664019Z,1,1,7311,T,A,0,52380.000000000,1,0,13067,127165,52380.000000000,52400.000000000,1,4,1,3,NIYH6
2026-01-25T23:00:58.826718232Z,2026-01-25T23:00:58.826408691Z,1,1,7311,T,B,0,52335.000000000,1,0,11774,127647,52285.000000000,52335.000000000,1,1,1,1,NIYH6
2026-01-25T23:01:00.155387920Z,2026-01-25T23:01:00.153955887Z,1,1,7311,T,N,0,52370.000000000,1,0,13866,130492,52290.000000000,52370.000000000,5,2,4,2,NIYH6
2026-01-25T23:01:02.688534650Z,2026-01-25T23:01:02.688195621Z,1,1,7311,T,A,0,52340.000000000,2,0,13249,149675,52340.000000000,52365.000000000,2,2,2,2,NIYH6
2026-01-25T23:01:03.021555965Z,2026-01-25T23:01:03.020608105Z,1,1,7311,T,N,0,52335.000000000,1,0,13941,150740,52335.000000000,52360.000000000,1,3,1,3,NIYH6
2026-01-25T23:01:03.022224267Z,2026-01-25T23:01:03.021582023Z,1,1,7311,T,B,0,52315.000000000,1,128,13545,150749,52305.000000000,52360.000000000,1,3,1,3,NIYH6
2026-01-25T23:01:03.258524154Z,2026-01-25T23:01:03.258251427Z,1,1,7311,T,A,0,52335.000000000,1,0,12795,151664,52335.000000000,52350.000000000,1,4,1,3,NIYH6
2026-01-25T23:01:03.258753221Z,2026-01-25T23:01:03.258534459Z,1,1,7311,T,A,0,52330.000000000,1,0,12811,151667,52330.000000000,52350.000000000,1,4,1,3,NIYH6
2026-01-25T23:01:07.548211313Z,2026-01-25T23:01:07.547968441Z,1,1,7311,T,A,0,52320.000000000,1,0,13211,163112,52320.000000000,52335.000000000,1,3,1,1,NIYH6
2026-01-25T23:01:08.413067883Z,2026-01-25T23:01:08.411830025Z,1,1,7311,T,N,0,52310.000000000,1,0,13060,164098,52310.000000000,52330.000000000,1,5,1,3,NIYH6
2026-01-25T23:01:10.120043130Z,2026-01-25T23:01:10.119816939Z,1,1,7311,T,A,0,52315.000000000,1,0,15204,168865,52315.000000000,52330.000000000,1,3,1,1,NIYH6
2026-01-25T23:01:10.187341269Z,2026-01-25T23:01:10.187155061Z,1,1,7311,T,B,0,52330.000000000,1,0,15316,168890,52285.000000000,52330.000000000,1,4,1,2,NIYH6
2026-01-25T23:01:10.258538977Z,2026-01-25T23:01:10.258318823Z,1,1,7311,T,B,0,52330.000000000,1,0,12840,168936,52285.000000000,52330.000000000,2,2,2,1,NIYH6
2026-01-25T23:01:10.311328817Z,2026-01-25T23:01:10.311118529Z,1,1,7311,T,B,0,52330.000000000,1,0,13178,169026,52285.000000000,52330.000000000,2,1,2,1,NIYH6
2026-01-25T23:01:11.097255683Z,2026-01-25T23:01:11.097059691Z,1,1,7311,T,B,0,52325.000000000,1,0,15393,171078,52285.000000000,52325.000000000,2,3,2,1,NIYH6
2026-01-25T23:01:12.314981528Z,2026-01-25T23:01:12.314777965Z,1,1,7311,T,B,0,52335.000000000,1,0,12829,175928,52295.000000000,52335.000000000,1,2,1,1,NIYH6
2026-01-25T23:01:24.982150527Z,2026-01-25T23:01:24.980985371Z,1,1,7311,T,A,0,52290.000000000,1,0,14956,216021,52290.000000000,52310.000000000,1,3,1,1,NIYH6
2026-01-25T23:01:24.982296162Z,2026-01-25T23:01:24.981016147Z,1,1,7311,T,A,0,52285.000000000,1,0,16696,216022,52285.000000000,52310.000000000,1,3,1,1,NIYH6
2026-01-25T23:01:27.870148298Z,2026-01-25T23:01:27.869950625Z,1,1,7311,T,B,0,52300.000000000,1,0,13286,223280,52275.000000000,52300.000000000,1,1,1,1,NIYH6
2026-01-25T23:01:29.623444405Z,2026-01-25T23:01:29.623099453Z,1,1,7311,T,B,0,52305.000000000,1,0,12830,228640,52280.000000000,52305.000000000,1,1,1,1,NIYH6
2026-01-25T23:01:30.027145901Z,2026-01-25T23:01:30.026039423Z,1,1,7311,T,N,0,52280.000000000,1,0,13362,229049,52280.000000000,52320.000000000,2,3,2,1,NIYH6
2026-01-25T23:01:53.199605705Z,2026-01-25T23:01:53.198280623Z,1,1,7311,T,B,0,52315.000000000,1,0,15720,246303,52285.000000000,52315.000000000,3,1,3,1,NIYH6
2026-01-25T23:01:56.578383465Z,2026-01-25T23:01:56.577446111Z,1,1,7311,T,B,0,52315.000000000,1,0,11099,252036,52285.000000000,52315.000000000,3,1,3,1,NIYH6
2026-01-25T23:01:57.555913843Z,2026-01-25T23:01:57.555718941Z,1,1,7311,T,B,0,52325.000000000,1,0,13351,253523,52285.000000000,52325.000000000,3,1,3,1,NIYH6
2026-01-25T23:02:02.886359901Z,2026-01-25T23:02:02.885536547Z,1,1,7311,T,B,0,52335.000000000,2,128,13545,259732,52330.000000000,52340.000000000,1,2,1,1,NIYH6
2026-01-25T23:02:02.886396288Z,2026-01-25T23:02:02.885543095Z,1,1,7311,T,A,0,52330.000000000,1,0,15935,259733,52330.000000000,52340.000000000,1,2,1,1,NIYH6
2026-01-25T23:02:02.886454476Z,2026-01-25T23:02:02.885647135Z,1,1,7311,T,B,0,52330.000000000,1,0,13726,259734,52325.000000000,52330.000000000,1,1,1,1,NIYH6
2026-01-25T23:02:03.008977533Z,2026-01-25T23:02:03.008590517Z,1,1,7311,T,A,0,52340.000000000,1,0,13270,262514,52340.000000000,52360.000000000,1,4,1,2,NIYH6
2026-01-25T23:02:03.168023264Z,2026-01-25T23:02:03.167492465Z,1,1,7311,T,A,0,52335.000000000,1,0,15401,264599,52335.000000000,52360.000000000,1,5,1,3,NIYH6
2026-01-25T23:02:04.306884430Z,2026-01-25T23:02:04.305650231Z,1,1,7311,T,B,0,52360.000000000,3,0,13527,265836,52340.000000000,52360.000000000,2,4,2,2,NIYH6
2026-01-25T23:02:04.486623157Z,2026-01-25T23:02:04.486378009Z,1,1,7311,T,A,0,52350.000000000,1,0,13026,266599,52350.000000000,52360.000000000,1,1,1,1,NIYH6
2026-01-25T23:02:05.004205632Z,2026-01-25T23:02:05.003963125Z,1,1,7311,T,B,0,52360.000000000,1,0,12825,266890,52355.000000000,52360.000000000,1,1,1,1,NIYH6
2026-01-25T23:02:07.161172698Z,2026-01-25T23:02:07.160923883Z,1,1,7311,T,A,0,52360.000000000,1,0,12625,270235,52360.000000000,52370.000000000,1,4,1,2,NIYH6
2026-01-25T23:02:11.209668832Z,2026-01-25T23:02:11.208925375Z,1,1,7311,T,A,0,52325.000000000,1,0,13585,282627,52325.000000000,52335.000000000,1,1,1,1,NIYH6
2026-01-25T23:02:11.669514984Z,2026-01-25T23:02:11.669283127Z,1,1,7311,T,B,0,52310.000000000,1,0,12591,285448,52295.000000000,52310.000000000,3,1,3,1,NIYH6
2026-01-25T23:02:13.612127923Z,2026-01-25T23:02:13.611711653Z,1,1,7311,T,B,0,52310.000000000,1,0,14584,291074,52295.000000000,52310.000000000,1,1,1,1,NIYH6
2026-01-25T23:02:16.312643866Z,2026-01-25T23:02:16.312385367Z,1,1,7311,T,A,0,52300.000000000,1,0,13149,293984,52300.000000000,52315.000000000,1,2,1,2,NIYH6
2026-01-25T23:02:18.734749204Z,2026-01-25T23:02:18.734526153Z,1,1,7311,T,A,0,52295.000000000,1,0,13154,298810,52295.000000000,52300.000000000,1,1,1,1,NIYH6
2026-01-25T23:02:20.433921073Z,2026-01-25T23:02:20.433706385Z,1,1,7311,T,A,0,52290.000000000,1,0,13089,303528,52290.000000000,52300.000000000,1,1,1,1,NIYH6
2026-01-25T23:02:21.396146025Z,2026-01-25T23:02:21.395831267Z,1,1,7311,T,B,0,52290.000000000,1,0,13857,304957,52275.000000000,52290.000000000,2,1,2,1,NIYH6
2026-01-25T23:02:21.396146025Z,2026-01-25T23:02:21.395831267Z,1,1,7311,T,B,0,52300.000000000,1,0,13857,304957,52275.000000000,52290.000000000,2,1,2,1,NIYH6
2026-01-25T23:02:21.396506244Z,2026-01-25T23:02:21.396151259Z,1,1,7311,T,A,0,52275.000000000,1,0,11718,304959,52275.000000000,52305.000000000,2,2,2,2,NIYH6
2026-01-25T23:02:21.396607369Z,2026-01-25T23:02:21.396161377Z,1,1,7311,T,A,0,52275.000000000,1,0,11852,304961,52275.000000000,52305.000000000,1,2,1,2,NIYH6
2026-01-25T23:02:23.347660605Z,2026-01-25T23:02:23.347381309Z,1,1,7311,T,A,0,52280.000000000,1,0,15970,308482,52280.000000000,52295.000000000,1,2,1,2,NIYH6
2026-01-25T23:02:23.348416999Z,2026-01-25T23:02:23.347390219Z,1,1,7311,T,A,0,52275.000000000,1,128,15123,308484,52270.000000000,52295.000000000,1,2,1,2,NIYH6
2026-01-25T23:02:25.294948566Z,2026-01-25T23:02:25.294682493Z,1,1,7311,T,A,0,52265.000000000,1,0,13277,310382,52265.000000000,52280.000000000,2,2,2,2,NIYH6
2026-01-25T23:02:25.294978040Z,2026-01-25T23:02:25.294691767Z,1,1,7311,T,A,0,52265.000000000,1,0,13407,310383,52265.000000000,52280.000000000,1,2,1,2,NIYH6
2026-01-25T23:02:25.909308172Z,2026-01-25T23:02:25.908460993Z,1,1,7311,T,A,0,52260.000000000,2,0,12914,310535,52250.000000000,52265.000000000,1,3,1,2,NIYH6
2026-01-25T23:02:25.909545679Z,2026-01-25T23:02:25.908462761Z,1,1,7311,T,A,0,52260.000000000,1,0,13066,310537,52250.000000000,52265.000000000,1,1,1,1,NIYH6
2026-01-25T23:02:27.310388660Z,2026-01-25T23:02:27.310138943Z,1,1,7311,T,A,0,52250.000000000,1,0,20050,311492,52250.000000000,52265.000000000,2,1,2,1,NIYH6
2026-01-25T23:02:27.310405685Z,2026-01-25T23:02:27.310147353Z,1,1,7311,T,A,0,52250.000000000,1,0,13653,311493,52250.000000000,52265.000000000,1,1,1,1,NIYH6
2026-01-25T23:02:29.737498355Z,2026-01-25T23:02:29.737239865Z,1,1,7311,T,A,0,52240.000000000,1,0,13392,314397,52240.000000000,52255.000000000,1,3,1,3,NIYH6
2026-01-25T23:02:33.056760218Z,2026-01-25T23:02:33.056493137Z,1,1,7311,T,B,0,52240.000000000,2,0,12898,317950,52230.000000000,52240.000000000,2,3,2,3,NIYH6
2026-01-25T23:02:33.056974563Z,2026-01-25T23:02:33.056769299Z,1,1,7311,T,B,0,52240.000000000,1,0,12985,317952,52230.000000000,52240.000000000,2,1,2,1,NIYH6
2026-01-25T23:02:33.351256655Z,2026-01-25T23:02:33.350909007Z,1,1,7311,T,A,0,52230.000000000,2,0,18287,318179,52230.000000000,52245.000000000,2,3,2,3,NIYH6
2026-01-25T23:02:33.351256655Z,2026-01-25T23:02:33.350909007Z,1,1,7311,T,A,0,52220.000000000,1,0,18287,318179,52230.000000000,52245.000000000,2,3,2,3,NIYH6
2026-01-25T23:02:34.662678801Z,2026-01-25T23:02:34.662430561Z,1,1,7311,T,B,0,52245.000000000,4,0,12819,320241,52230.000000000,52245.000000000,3,4,3,4,NIYH6
2026-01-25T23:02:35.539055068Z,2026-01-25T23:02:35.538831765Z,1,1,7311,T,A,0,52240.000000000,1,0,13763,320711,52240.000000000,52255.000000000,2,3,2,3,NIYH6
2026-01-25T23:02:35.592138709Z,2026-01-25T23:02:35.591918173Z,1,1,7311,T,A,0,52240.000000000,1,0,12779,320762,52240.000000000,52255.000000000,1,3,1,3,NIYH6
2026-01-25T23:02:35.653050949Z,2026-01-25T23:02:35.652816939Z,1,1,7311,T,A,0,52235.000000000,1,0,13105,320780,52235.000000000,52255.000000000,1,3,1,3,NIYH6
2026-01-25T23:02:35.705742151Z,2026-01-25T23:02:35.705512279Z,1,1,7311,T,A,0,52230.000000000,1,0,13206,320818,52230.000000000,52250.000000000,1,1,1,1,NIYH6
2026-01-25T23:02:56.802236763Z,2026-01-25T23:02:56.801241971Z,1,1,7311,T,A,0,52255.000000000,2,0,13403,337372,52255.000000000,52320.000000000,2,2,2,2,NIYH6
2026-01-25T23:02:56.802236763Z,2026-01-25T23:02:56.801241971Z,1,1,7311,T,A,0,52250.000000000,3,0,13403,337372,52255.000000000,52320.000000000,2,2,2,2,NIYH6
2026-01-25T23:02:56.802682779Z,2026-01-25T23:02:56.802279073Z,1,1,7311,T,A,0,52245.000000000,2,0,13012,337386,52245.000000000,52250.000000000,2,45,2,1,NIYH6
2026-01-25T23:02:56.803351135Z,2026-01-25T23:02:56.803075759Z,1,1,7311,T,A,0,52240.000000000,1,0,12585,337450,52240.000000000,52245.000000000,1,1,1,1,NIYH6
2026-01-25T23:02:56.803771585Z,2026-01-25T23:02:56.803377263Z,1,1,7311,T,A,0,52240.000000000,1,0,13220,337468,52240.000000000,52245.000000000,1,5,1,3,NIYH6
2026-01-25T23:02:56.803855745Z,2026-01-25T23:02:56.803599281Z,1,1,7311,T,A,0,52240.000000000,1,0,13782,337469,52240.000000000,52245.000000000,1,5,1,3,NIYH6
2026-01-25T23:02:56.804018077Z,2026-01-25T23:02:56.803808975Z,1,1,7311,T,A,0,52240.000000000,1,0,12813,337470,52240.000000000,52245.000000000,1,5,1,3,NIYH6
2026-01-25T23:02:56.815817404Z,2026-01-25T23:02:56.815587109Z,1,1,7311,T,A,0,52240.000000000,1,0,13057,337487,52240.000000000,52245.000000000,1,4,1,2,NIYH6
2026-01-25T23:02:56.836072407Z,2026-01-25T23:02:56.835825075Z,1,1,7311,T,B,0,52245.000000000,1,0,14229,337495,52240.000000000,52245.000000000,1,4,1,2,NIYH6
2026-01-25T23:02:56.911019464Z,2026-01-25T23:02:56.910785965Z,1,1,7311,T,B,0,52245.000000000,2,0,13235,337908,52240.000000000,52245.000000000,1,3,1,1,NIYH6
2026-01-25T23:03:00.813893064Z,2026-01-25T23:03:00.813648847Z,1,1,7311,T,B,0,52245.000000000,1,0,12884,341455,52230.000000000,52245.000000000,1,3,1,2,NIYH6
2026-01-25T23:03:00.813914267Z,2026-01-25T23:03:00.813657335Z,1,1,7311,T,B,0,52245.000000000,1,0,13159,341456,52230.000000000,52245.000000000,1,2,1,1,NIYH6
2026-01-25T23:03:04.018185682Z,2026-01-25T23:03:04.017957253Z,1,1,7311,T,A,0,52225.000000000,1,0,16843,344434,52225.000000000,52245.000000000,1,1,1,1,NIYH6
2026-01-25T23:03:04.179123582Z,2026-01-25T23:03:04.178834161Z,1,1,7311,T,A,0,52210.000000000,1,0,13333,344512,52210.000000000,52245.000000000,4,1,3,1,NIYH6
2026-01-25T23:03:07.484121213Z,2026-01-25T23:03:07.483891723Z,1,1,7311,T,B,0,52245.000000000,1,0,12612,349389,52210.000000000,52245.000000000,2,2,2,2,NIYH6
2026-01-25T23:03:15.357341153Z,2026-01-25T23:03:15.357081309Z,1,1,7311,T,B,0,52245.000000000,1,0,19955,354799,52230.000000000,52245.000000000,1,2,1,1,NIYH6
2026-01-25T23:03:15.516573207Z,2026-01-25T23:03:15.516365835Z,1,1,7311,T,B,0,52245.000000000,1,0,12700,354851,52230.000000000,52245.000000000,1,1,1,1,NIYH6
2026-01-25T23:03:15.570648313Z,2026-01-25T23:03:15.570398607Z,1,1,7311,T,B,0,52245.000000000,1,0,14951,354951,52230.000000000,52245.000000000,1,3,1,1,NIYH6
2026-01-25T23:03:15.622765597Z,2026-01-25T23:03:15.622536365Z,1,1,7311,T,B,0,52245.000000000,1,0,13323,354973,52230.000000000,52245.000000000,1,2,1,1,NIYH6
2026-01-25T23:03:15.678791606Z,2026-01-25T23:03:15.678569881Z,1,1,7311,T,B,0,52245.000000000,1,0,12884,354996,52230.000000000,52245.000000000,1,4,1,2,NIYH6
2026-01-25T23:03:15.731177346Z,2026-01-25T23:03:15.730962335Z,1,1,7311,T,B,0,52245.000000000,1,0,13662,355002,52230.000000000,52245.000000000,1,3,1,1,NIYH6
2026-01-25T23:03:15.786138378Z,2026-01-25T23:03:15.785906683Z,1,1,7311,T,B,0,52245.000000000,1,0,14657,355025,52230.000000000,52245.000000000,1,2,1,1,NIYH6
2026-01-25T23:03:15.786351011Z,2026-01-25T23:03:15.786147305Z,1,1,7311,T,B,0,52245.000000000,1,0,12112,355027,52230.000000000,52245.000000000,1,1,1,1,NIYH6
2026-01-25T23:03:15.838725431Z,2026-01-25T23:03:15.838517163Z,1,1,7311,T,B,0,52250.000000000,1,0,15557,355043,52230.000000000,52250.000000000,2,45,2,1,NIYH6
2026-01-25T23:03:15.838953262Z,2026-01-25T23:03:15.838752525Z,1,1,7311,T,B,0,52250.000000000,44,0,14782,355046,52230.000000000,52250.000000000,3,44,3,1,NIYH6
2026-01-25T23:03:15.839689920Z,2026-01-25T23:03:15.838963147Z,1,1,7311,T,B,0,52255.000000000,1,128,15211,355049,52235.000000000,52295.000000000,1,2,1,1,NIYH6
2026-01-25T23:03:15.842114292Z,2026-01-25T23:03:15.841926871Z,1,1,7311,T,A,0,52235.000000000,1,0,12687,355128,52235.000000000,52290.000000000,2,1,2,1,NIYH6
2026-01-25T23:03:17.143310536Z,2026-01-25T23:03:17.143054141Z,1,1,7311,T,B,0,52295.000000000,1,0,13328,356174,52255.000000000,52295.000000000,2,2,2,2,NIYH6
2026-01-25T23:03:18.486286353Z,2026-01-25T23:03:18.486046443Z,1,1,7311,T,A,0,52295.000000000,1,0,12891,357903,52295.000000000,52315.000000000,1,3,1,3,NIYH6
2026-01-25T23:03:18.503043223Z,2026-01-25T23:03:18.502786595Z,1,1,7311,T,B,0,52315.000000000,1,0,13144,358018,52235.000000000,52315.000000000,2,3,2,3,NIYH6
2026-01-25T23:03:18.503061654Z,2026-01-25T23:03:18.502866521Z,1,1,7311,T,B,0,52315.000000000,1,0,12664,358019,52235.000000000,52315.000000000,2,2,2,2,NIYH6
2026-01-25T23:03:32.107873700Z,2026-01-25T23:03:32.107627445Z,1,1,7311,T,B,0,52305.000000000,1,0,13746,365524,52285.000000000,52305.000000000,1,2,1,2,NIYH6
2026-01-25T23:03:32.178782909Z,2026-01-25T23:03:32.178560277Z,1,1,7311,T,B,0,52305.000000000,1,0,13016,365561,52285.000000000,52305.000000000,2,1,2,1,NIYH6
2026-01-25T23:03:34.020107698Z,2026-01-25T23:03:34.019865355Z,1,1,7311,T,B,0,52325.000000000,1,0,13082,366413,52285.000000000,52325.000000000,2,2,2,1,NIYH6
2026-01-25T23:03:34.020263486Z,2026-01-25T23:03:34.020072091Z,1,1,7311,T,B,0,52325.000000000,1,0,13430,366415,52285.000000000,52325.000000000,2,1,2,1,NIYH6
2026-01-25T23:03:34.020880288Z,2026-01-25T23:03:34.020192585Z,1,1,7311,T,B,0,52325.000000000,1,128,12313,366417,52285.000000000,52335.000000000,2,3,2,1,NIYH6
2026-01-25T23:03:39.671759955Z,2026-01-25T23:03:39.671518649Z,1,1,7311,T,B,0,52295.000000000,1,0,14839,368443,52245.000000000,52295.000000000,4,1,3,1,NIYH6
2026-01-25T23:03:44.199210710Z,2026-01-25T23:03:44.198853705Z,1,1,7311,T,A,0,52255.000000000,2,0,13415,369637,52255.000000000,52290.000000000,2,5,2,1,NIYH6
2026-01-25T23:03:44.199210710Z,2026-01-25T23:03:44.198853705Z,1,1,7311,T,A,0,52250.000000000,2,0,13415,369637,52255.000000000,52290.000000000,2,5,2,1,NIYH6
2026-01-25T23:03:44.199640652Z,2026-01-25T23:03:44.199381681Z,1,1,7311,T,A,0,52240.000000000,3,0,12915,369652,52240.000000000,52250.000000000,3,21,1,1,NIYH6
2026-01-25T23:03:44.200441973Z,2026-01-25T23:03:44.199660105Z,1,1,7311,T,A,0,52240.000000000,3,128,13312,369660,52230.000000000,52250.000000000,2,21,2,1,NIYH6
2026-01-25T23:03:44.227070222Z,2026-01-25T23:03:44.226824065Z,1,1,7311,T,B,0,52245.000000000,1,0,13074,369750,52230.000000000,52245.000000000,2,1,1,1,NIYH6
2026-01-25T23:03:45.295834745Z,2026-01-25T23:03:45.295580645Z,1,1,7311,T,B,0,52245.000000000,1,0,13516,369989,52230.000000000,52245.000000000,2,1,1,1,NIYH6
2026-01-25T23:03:46.390831141Z,2026-01-25T23:03:46.390017587Z,1,1,7311,T,B,0,52290.000000000,6,0,13770,370405,52235.000000000,52290.000000000,2,6,2,2,NIYH6
2026-01-25T23:03:46.390831141Z,2026-01-25T23:03:46.390017587Z,1,1,7311,T,B,0,52295.000000000,2,0,13770,370405,52235.000000000,52290.000000000,2,6,2,2,NIYH6
2026-01-25T23:03:46.390831141Z,2026-01-25T23:03:46.390017587Z,1,1,7311,T,B,0,52300.000000000,5,0,13770,370405,52235.000000000,52290.000000000,2,6,2,2,NIYH6
2026-01-25T23:03:46.391157032Z,2026-01-25T23:03:46.390857015Z,1,1,7311,T,A,0,52300.000000000,2,0,12965,370415,52300.000000000,52325.000000000,2,4,1,2,NIYH6
2026-01-25T23:03:46.391237691Z,2026-01-25T23:03:46.390860299Z,1,1,7311,T,A,0,52300.000000000,2,0,11754,370417,52300.000000000,52325.000000000,3,4,1,2,NIYH6
2026-01-25T23:03:46.512619522Z,2026-01-25T23:03:46.512386587Z,1,1,7311,T,A,0,52305.000000000,1,0,13110,370721,52305.000000000,52320.000000000,1,1,1,1,NIYH6
2026-01-25T23:03:47.756675471Z,2026-01-25T23:03:47.756387821Z,1,1,7311,T,A,0,52300.000000000,1,0,13488,371205,52300.000000000,52320.000000000,2,1,2,1,NIYH6
2026-01-25T23:03:56.060350674Z,2026-01-25T23:03:56.060094735Z,1,1,7311,T,B,0,52320.000000000,1,0,15834,373152,52300.000000000,52320.000000000,3,1,1,1,NIYH6
2026-01-25T23:03:56.061026394Z,2026-01-25T23:03:56.060357109Z,1,1,7311,T,B,0,52320.000000000,1,128,13086,373154,52300.000000000,52340.000000000,3,1,1,1,NIYH6
2026-01-25T23:03:56.061506408Z,2026-01-25T23:03:56.061032555Z,1,1,7311,T,B,0,52325.000000000,1,128,13453,373156,52305.000000000,52340.000000000,1,1,1,1,NIYH6
2026-01-25T23:03:56.184825179Z,2026-01-25T23:03:56.184587829Z,1,1,7311,T,B,0,52325.000000000,1,0,12893,373267,52305.000000000,52325.000000000,2,1,2,1,NIYH6
2026-01-25T23:04:03.046331120Z,2026-01-25T23:04:03.046062459Z,1,1,7311,T,A,0,52305.000000000,1,0,15590,375931,52305.000000000,52340.000000000,2,1,2,1,NIYH6
2026-01-25T23:04:05.847133221Z,2026-01-25T23:04:05.846840621Z,1,1,7311,T,B,0,52340.000000000,1,0,12880,378966,52305.000000000,52340.000000000,3,1,3,1,NIYH6
2026-01-25T23:04:05.847133221Z,2026-01-25T23:04:05.846840621Z,1,1,7311,T,B,0,52355.000000000,1,0,12880,378966,52305.000000000,52340.000000000,3,1,3,1,NIYH6
2026-01-25T23:04:05.847133221Z,2026-01-25T23:04:05.846840621Z,1,1,7311,T,B,0,52360.000000000,3,0,12880,378966,52305.000000000,52340.000000000,3,1,3,1,NIYH6
2026-01-25T23:04:05.847542973Z,2026-01-25T23:04:05.847157099Z,1,1,7311,T,A,0,52360.000000000,1,0,13585,378971,52360.000000000,52365.000000000,1,4,1,2,NIYH6
2026-01-25T23:04:05.847584535Z,2026-01-25T23:04:05.847158213Z,1,1,7311,T,A,0,52360.000000000,1,0,14412,378972,52360.000000000,52365.000000000,3,4,1,2,NIYH6
2026-01-25T23:04:05.849004362Z,2026-01-25T23:04:05.848648353Z,1,1,7311,T,B,0,52365.000000000,4,0,12896,379097,52360.000000000,52365.000000000,2,4,1,2,NIYH6
2026-01-25T23:04:06.170408512Z,2026-01-25T23:04:06.170202381Z,1,1,7311,T,B,0,52390.000000000,1,0,13922,379456,52365.000000000,52390.000000000,2,9,2,4,NIYH6
2026-01-25T23:04:06.430088602Z,2026-01-25T23:04:06.429877445Z,1,1,7311,T,B,0,52390.000000000,1,0,14308,379558,52365.000000000,52390.000000000,3,8,3,4,NIYH6
2026-01-25T23:04:09.410912486Z,2026-01-25T23:04:09.410114175Z,1,1,7311,T,N,0,52380.000000000,2,0,14978,380444,52360.000000000,52380.000000000,2,2,1,2,NIYH6
2026-01-25T23:04:10.103926211Z,2026-01-25T23:04:10.103700363Z,1,1,7311,T,B,0,52385.000000000,1,0,15511,380628,52360.000000000,52385.000000000,2,1,1,1,NIYH6
2026-01-25T23:04:14.112465426Z,2026-01-25T23:04:14.112138365Z,1,1,7311,T,B,0,52390.000000000,6,0,13942,383997,52365.000000000,52390.000000000,2,6,2,3,NIYH6
2026-01-25T23:04:14.112738582Z,2026-01-25T23:04:14.112485043Z,1,1,7311,T,A,0,52400.000000000,2,0,13579,384001,52400.000000000,52420.000000000,2,1,1,1,NIYH6
2026-01-25T23:04:16.304578951Z,2026-01-25T23:04:16.304312891Z,1,1,7311,T,A,0,52405.000000000,1,0,28192,384857,52405.000000000,52420.000000000,1,5,1,1,NIYH6
2026-01-25T23:04:16.397046192Z,2026-01-25T23:04:16.396792921Z,1,1,7311,T,B,0,52420.000000000,1,0,16969,384939,52400.000000000,52420.000000000,3,6,1,2,NIYH6
2026-01-25T23:04:17.343070779Z,2026-01-25T23:04:17.342826067Z,1,1,7311,T,A,0,52400.000000000,3,0,12589,385146,52400.000000000,52415.000000000,3,1,1,1,NIYH6
2026-01-25T23:04:17.343715251Z,2026-01-25T23:04:17.342836493Z,1,1,7311,T,N,0,52415.000000000,1,0,13479,385148,52400.000000000,52415.000000000,3,2,1,2,NIYH6
2026-01-25T23:04:17.344006976Z,2026-01-25T23:04:17.343738813Z,1,1,7311,T,B,0,52415.000000000,1,0,12447,385154,52400.000000000,52415.000000000,3,1,1,1,NIYH6
2026-01-25T23:04:19.900545749Z,2026-01-25T23:04:19.900349069Z,1,1,7311,T,B,0,52420.000000000,1,0,15585,386132,52400.000000000,52420.000000000,3,8,1,3,NIYH6
2026-01-25T23:04:20.978412004Z,2026-01-25T23:04:20.978155913Z,1,1,7311,T,A,0,52400.000000000,1,0,12826,386705,52400.000000000,52415.000000000,3,3,1,1,NIYH6
2026-01-25T23:04:20.978840050Z,2026-01-25T23:04:20.978420783Z,1,1,7311,T,A,0,52400.000000000,2,0,13843,386722,52400.000000000,52415.000000000,2,3,1,1,NIYH6
2026-01-25T23:04:23.612507971Z,2026-01-25T23:04:23.611880933Z,1,1,7311,T,N,0,52420.000000000,1,0,24328,388577,52400.000000000,52420.000000000,3,4,1,2,NIYH6
2026-01-25T23:04:32.283938595Z,2026-01-25T23:04:32.283698879Z,1,1,7311,T,B,0,52405.000000000,1,0,13696,390607,52400.000000000,52405.000000000,3,1,1,1,NIYH6
2026-01-25T23:04:40.267476379Z,2026-01-25T23:04:40.267262477Z,1,1,7311,T,B,0,52415.000000000,1,0,13777,392201,52405.000000000,52415.000000000,3,1,1,1,NIYH6
2026-01-25T23:04:43.073840535Z,2026-01-25T23:04:43.073510159Z,1,1,7311,T,B,0,52415.000000000,1,0,12912,393102,52405.000000000,52415.000000000,3,1,1,1,NIYH6
2026-01-25T23:04:44.146318670Z,2026-01-25T23:04:44.145719863Z,1,1,7311,T,N,0,52420.000000000,1,0,22404,393342,52405.000000000,52420.000000000,3,3,1,2,NIYH6
2026-01-25T23:04:44.237415334Z,2026-01-25T23:04:44.237121879Z,1,1,7311,T,A,0,52405.000000000,1,0,21649,393351,52405.000000000,52420.000000000,3,2,1,2,NIYH6
2026-01-25T23:04:49.445365719Z,2026-01-25T23:04:49.445157833Z,1,1,7311,T,B,0,52420.000000000,1,0,15918,394620,52410.000000000,52420.000000000,2,1,1,1,NIYH6
2026-01-25T23:04:56.806158394Z,2026-01-25T23:04:56.805684797Z,1,1,7311,T,A,0,52415.000000000,2,0,14777,397343,52415.000000000,52425.000000000,2,5,1,1,NIYH6
2026-01-25T23:04:56.806837900Z,2026-01-25T23:04:56.806214181Z,1,1,7311,T,A,0,52405.000000000,1,0,14995,397360,52405.000000000,52420.000000000,1,1,1,1,NIYH6
2026-01-25T23:04:57.984948172Z,2026-01-25T23:04:57.984693921Z,1,1,7311,T,B,0,52420.000000000,1,0,14428,397792,52400.000000000,52420.000000000,3,2,1,2,NIYH6
2026-01-25T23:05:00.214200965Z,2026-01-25T23:05:00.213918901Z,1,1,7311,T,A,0,52400.000000000,3,0,12878,398327,52400.000000000,52420.000000000,3,4,1,2,NIYH6
2026-01-25T23:05:00.377242758Z,2026-01-25T23:05:00.376307737Z,1,1,7311,T,B,0,52425.000000000,4,0,17190,398603,52405.000000000,52425.000000000,1,8,1,2,NIYH6
2026-01-25T23:05:02.564491162Z,2026-01-25T23:05:02.563610075Z,1,1,7311,T,A,0,52400.000000000,1,0,13117,399621,52400.000000000,52415.000000000,3,3,1,1,NIYH6
2026-01-25T23:05:04.030963616Z,2026-01-25T23:05:04.030278349Z,1,1,7311,T,N,0,52410.000000000,3,0,12728,400102,52400.000000000,52410.000000000,2,3,1,1,NIYH6
2026-01-25T23:05:06.781544076Z,2026-01-25T23:05:06.781304149Z,1,1,7311,T,B,0,52420.000000000,1,0,13684,400478,52400.000000000,52420.000000000,2,4,1,2,NIYH6
2026-01-25T23:05:13.927286780Z,2026-01-25T23:05:13.927055461Z,1,1,7311,T,A,0,52400.000000000,2,0,12661,402393,52400.000000000,52410.000000000,2,3,1,1,NIYH6
2026-01-25T23:05:13.927515993Z,2026-01-25T23:05:13.927297675Z,1,1,7311,T,A,0,52400.000000000,1,0,12618,402398,52400.000000000,52410.000000000,3,5,1,3,NIYH6
2026-01-25T23:05:13.927705318Z,2026-01-25T23:05:13.927521557Z,1,1,7311,T,A,0,52400.000000000,1,0,13015,402400,52400.000000000,52410.000000000,2,6,1,4,NIYH6
2026-01-25T23:05:13.927843743Z,2026-01-25T23:05:13.927532923Z,1,1,7311,T,A,0,52400.000000000,2,0,12695,402402,52400.000000000,52410.000000000,1,6,1,4,NIYH6
2026-01-25T23:05:13.928117451Z,2026-01-25T23:05:13.927876933Z,1,1,7311,T,A,0,52400.000000000,11,0,12835,402410,52400.000000000,52405.000000000,2,4,1,4,NIYH6
2026-01-25T23:05:13.928326636Z,2026-01-25T23:05:13.928123509Z,1,1,7311,T,A,0,52390.000000000,1,0,13011,402413,52390.000000000,52405.000000000,1,2,1,2,NIYH6
2026-01-25T23:05:13.953389023Z,2026-01-25T23:05:13.953147571Z,1,1,7311,T,B,0,52400.000000000,1,0,13310,402619,52370.000000000,52400.000000000,2,5,2,4,NIYH6
2026-01-25T23:05:25.744730227Z,2026-01-25T23:05:25.744462237Z,1,1,7311,T,B,0,52365.000000000,3,0,13073,405933,52355.000000000,52365.000000000,1,3,1,1,NIYH6
2026-01-25T23:05:38.412209018Z,2026-01-25T23:05:38.411983083Z,1,1,7311,T,A,0,52370.000000000,1,0,15149,409107,52370.000000000,52375.000000000,1,5,1,1,NIYH6
2026-01-25T23:05:42.866748434Z,2026-01-25T23:05:42.866458693Z,1,1,7311,T,A,0,52360.000000000,2,0,14602,410396,52360.000000000,52375.000000000,2,5,2,1,NIYH6
2026-01-25T23:05:42.866748434Z,2026-01-25T23:05:42.866458693Z,1,1,7311,T,A,0,52355.000000000,2,0,14602,410396,52360.000000000,52375.000000000,2,5,2,1,NIYH6
2026-01-25T23:05:42.930857288Z,2026-01-25T23:05:42.930164107Z,1,1,7311,T,A,0,52350.000000000,1,0,13272,410502,52350.000000000,52355.000000000,1,1,1,1,NIYH6
2026-01-25T23:05:43.405915267Z,2026-01-25T23:05:43.405296541Z,1,1,7311,T,N,0,52355.000000000,1,0,13289,410940,52325.000000000,52355.000000000,3,1,3,1,NIYH6
2026-01-25T23:05:43.410216843Z,2026-01-25T23:05:43.410006415Z,1,1,7311,T,A,0,52365.000000000,1,0,14616,410996,52365.000000000,52370.000000000,1,1,1,1,NIYH6
2026-01-25T23:05:47.862105517Z,2026-01-25T23:05:47.861910493Z,1,1,7311,T,B,0,52375.000000000,1,0,14337,412160,52360.000000000,52375.000000000,2,7,2,3,NIYH6
2026-01-25T23:05:51.625616074Z,2026-01-25T23:05:51.625396621Z,1,1,7311,T,B,0,52375.000000000,1,0,16003,412617,52360.000000000,52375.000000000,3,6,3,3,NIYH6
2026-01-25T23:05:51.657559130Z,2026-01-25T23:05:51.657349539Z,1,1,7311,T,B,0,52375.000000000,1,0,14139,412641,52360.000000000,52375.000000000,3,5,3,3,NIYH6
2026-01-25T23:05:58.502629723Z,2026-01-25T23:05:58.502420659Z,1,1,7311,T,B,0,52375.000000000,1,0,13193,413604,52360.000000000,52375.000000000,4,7,4,4,NIYH6
2026-01-25T23:06:07.127166748Z,2026-01-25T23:06:07.126952783Z,1,1,7311,T,B,0,52375.000000000,1,0,21004,415471,52360.000000000,52375.000000000,4,6,4,4,NIYH6
2026-01-25T23:06:09.204665665Z,2026-01-25T23:06:09.204467179Z,1,1,7311,T,B,0,52370.000000000,1,0,12973,416425,52360.000000000,52370.000000000,4,3,4,1,NIYH6
2026-01-25T23:06:09.204692789Z,2026-01-25T23:06:09.204475953Z,1,1,7311,T,B,0,52370.000000000,1,0,12673,416426,52360.000000000,52370.000000000,4,2,4,1,NIYH6
2026-01-25T23:06:09.204899816Z,2026-01-25T23:06:09.204702195Z,1,1,7311,T,B,0,52370.000000000,1,0,12635,416430,52360.000000000,52370.000000000,4,1,4,1,NIYH6
2026-01-25T23:06:11.494541554Z,2026-01-25T23:06:11.494282753Z,1,1,7311,T,B,0,52375.000000000,1,0,13331,417099,52360.000000000,52375.000000000,4,2,4,2,NIYH6
2026-01-25T23:06:11.495399357Z,2026-01-25T23:06:11.495191333Z,1,1,7311,T,B,0,52375.000000000,1,0,13554,417105,52365.000000000,52375.000000000,1,1,1,1,NIYH6
2026-01-25T23:06:30.664383666Z,2026-01-25T23:06:30.664136981Z,1,1,7311,T,B,0,52390.000000000,1,0,14083,425499,52375.000000000,52390.000000000,2,1,2,1,NIYH6
2026-01-25T23:06:33.840506784Z,2026-01-25T23:06:33.840254167Z,1,1,7311,T,B,0,52395.000000000,6,0,12933,427478,52390.000000000,52395.000000000,2,6,1,2,NIYH6
2026-01-25T23:06:39.918238481Z,2026-01-25T23:06:39.917517533Z,1,1,7311,T,N,0,52390.000000000,1,0,14537,428794,52390.000000000,52405.000000000,3,1,2,1,NIYH6
2026-01-25T23:06:43.932248743Z,2026-01-25T23:06:43.931867283Z,1,1,7311,T,B,0,52405.000000000,1,0,12033,429741,52395.000000000,52405.000000000,11,1,2,1,NIYH6
2026-01-25T23:06:49.199257456Z,2026-01-25T23:06:49.198955315Z,1,1,7311,T,B,0,52410.000000000,9,0,12828,430715,52400.000000000,52410.000000000,10,9,1,2,NIYH6
2026-01-25T23:06:49.199273199Z,2026-01-25T23:06:49.198955315Z,1,1,7311,T,B,0,52420.000000000,1,0,13612,430716,52400.000000000,52410.000000000,10,9,1,2,NIYH6
2026-01-25T23:06:53.732353787Z,2026-01-25T23:06:53.732169537Z,1,1,7311,T,A,0,52400.000000000,1,0,11746,431810,52400.000000000,52420.000000000,11,4,2,2,NIYH6
2026-01-25T23:06:54.337436685Z,2026-01-25T23:06:54.337097443Z,1,1,7311,T,A,0,52410.000000000,9,0,12780,432150,52410.000000000,52415.000000000,9,3,1,1,NIYH6
2026-01-25T23:06:57.041792672Z,2026-01-25T23:06:57.038494469Z,1,1,7311,T,A,0,52390.000000000,1,0,14684,432947,52390.000000000,52410.000000000,1,5,1,3,NIYH6
2026-01-25T23:07:04.274881904Z,2026-01-25T23:07:04.274663147Z,1,1,7311,T,B,0,52415.000000000,1,0,12849,436556,52395.000000000,52415.000000000,1,3,1,1,NIYH6
2026-01-25T23:07:04.275546865Z,2026-01-25T23:07:04.275330279Z,1,1,7311,T,B,0,52410.000000000,2,0,12972,436578,52400.000000000,52410.000000000,1,2,1,1,NIYH6
2026-01-25T23:07:12.534057124Z,2026-01-25T23:07:12.533826001Z,1,1,7311,T,A,0,52400.000000000,2,0,13258,438595,52400.000000000,52415.000000000,2,1,2,1,NIYH6
2026-01-25T23:07:12.534649682Z,2026-01-25T23:07:12.534435783Z,1,1,7311,T,A,0,52395.000000000,1,0,11761,438611,52395.000000000,52410.000000000,1,1,1,1,NIYH6
2026-01-25T23:07:14.309496709Z,2026-01-25T23:07:14.309296267Z,1,1,7311,T,B,0,52395.000000000,1,0,12869,439303,52375.000000000,52395.000000000,2,2,2,2,NIYH6
2026-01-25T23:07:17.574524347Z,2026-01-25T23:07:17.574306539Z,1,1,7311,T,A,0,52395.000000000,1,0,12580,440501,52395.000000000,52400.000000000,1,50,1,1,NIYH6
2026-01-25T23:07:17.948783413Z,2026-01-25T23:07:17.948527407Z,1,1,7311,T,B,0,52395.000000000,1,0,14209,440655,52375.000000000,52395.000000000,2,4,2,3,NIYH6
2026-01-25T23:07:21.376380860Z,2026-01-25T23:07:21.376155469Z,1,1,7311,T,B,0,52395.000000000,1,0,13102,442102,52380.000000000,52395.000000000,2,2,2,1,NIYH6
2026-01-25T23:07:21.627205967Z,2026-01-25T23:07:21.626949065Z,1,1,7311,T,A,0,52380.000000000,3,0,13085,442228,52380.000000000,52395.000000000,3,1,3,1,NIYH6
2026-01-25T23:07:24.751772182Z,2026-01-25T23:07:24.751542771Z,1,1,7311,T,B,0,52390.000000000,1,0,13080,443870,52375.000000000,52390.000000000,4,1,4,1,NIYH6
2026-01-25T23:07:24.751811202Z,2026-01-25T23:07:24.751553253Z,1,1,7311,T,B,0,52395.000000000,1,0,12821,443871,52375.000000000,52395.000000000,4,1,4,1,NIYH6
2026-01-25T23:07:24.774909839Z,2026-01-25T23:07:24.774667905Z,1,1,7311,T,B,0,52395.000000000,1,0,15831,443887,52380.000000000,52395.000000000,1,2,1,1,NIYH6
2026-01-25T23:07:24.775112580Z,2026-01-25T23:07:24.774916727Z,1,1,7311,T,B,0,52395.000000000,1,0,13217,443889,52380.000000000,52395.000000000,1,1,1,1,NIYH6
2026-01-25T23:07:24.798341870Z,2026-01-25T23:07:24.798118271Z,1,1,7311,T,A,0,52375.000000000,3,0,12895,443906,52375.000000000,52395.000000000,6,4,6,2,NIYH6
2026-01-25T23:07:25.890303510Z,2026-01-25T23:07:25.889987035Z,1,1,7311,T,A,0,52375.000000000,1,0,13938,444266,52375.000000000,52390.000000000,1,3,1,3,NIYH6
2026-01-25T23:07:25.890303510Z,2026-01-25T23:07:25.889987035Z,1,1,7311,T,A,0,52360.000000000,4,0,13938,444266,52375.000000000,52390.000000000,1,3,1,3,NIYH6
2026-01-25T23:07:26.073107084Z,2026-01-25T23:07:26.072876273Z,1,1,7311,T,A,0,52375.000000000,1,0,12597,444409,52375.000000000,52380.000000000,1,1,1,1,NIYH6
2026-01-25T23:07:26.142404498Z,2026-01-25T23:07:26.142196763Z,1,1,7311,T,A,0,52375.000000000,1,0,12731,444486,52375.000000000,52380.000000000,1,1,1,1,NIYH6
2026-01-25T23:07:26.885640544Z,2026-01-25T23:07:26.885308003Z,1,1,7311,T,A,0,52340.000000000,2,0,13964,444827,52340.000000000,52375.000000000,2,3,2,3,NIYH6
2026-01-25T23:07:26.885640544Z,2026-01-25T23:07:26.885308003Z,1,1,7311,T,A,0,52335.000000000,1,0,13964,444827,52340.000000000,52375.000000000,2,3,2,3,NIYH6
2026-01-25T23:07:27.066985943Z,2026-01-25T23:07:27.066758303Z,1,1,7311,T,B,0,52340.000000000,1,0,13668,444936,52325.000000000,52340.000000000,1,2,1,2,NIYH6
2026-01-25T23:07:27.334708382Z,2026-01-25T23:07:27.334469125Z,1,1,7311,T,B,0,52340.000000000,2,0,13351,445102,52330.000000000,52340.000000000,1,2,1,2,NIYH6
2026-01-25T23:07:27.914681188Z,2026-01-25T23:07:27.914317639Z,1,1,7311,T,A,0,52330.000000000,2,0,13605,445292,52330.000000000,52375.000000000,2,3,2,3,NIYH6
2026-01-25T23:07:27.914681188Z,2026-01-25T23:07:27.914317639Z,1,1,7311,T,A,0,52325.000000000,1,0,13605,445292,52330.000000000,52375.000000000,2,3,2,3,NIYH6
2026-01-25T23:07:27.914681188Z,2026-01-25T23:07:27.914317639Z,1,1,7311,T,A,0,52320.000000000,1,0,13605,445292,52330.000000000,52375.000000000,2,3,2,3,NIYH6
2026-01-25T23:07:30.488325433Z,2026-01-25T23:07:30.488065157Z,1,1,7311,T,B,0,52340.000000000,1,0,15638,445992,52325.000000000,52340.000000000,1,1,1,1,NIYH6
2026-01-25T23:07:37.082182950Z,2026-01-25T23:07:37.081182477Z,1,1,7311,T,N,0,52370.000000000,2,0,20663,447488,52370.000000000,52385.000000000,2,1,2,1,NIYH6
2026-01-25T23:07:38.032346903Z,2026-01-25T23:07:38.032075739Z,1,1,7311,T,B,0,52385.000000000,1,0,13123,447702,52360.000000000,52385.000000000,1,2,1,2,NIYH6
2026-01-25T23:07:38.032382167Z,2026-01-25T23:07:38.032086221Z,1,1,7311,T,B,0,52385.000000000,1,0,12855,447703,52360.000000000,52385.000000000,1,1,1,1,NIYH6
2026-01-25T23:07:39.165929219Z,2026-01-25T23:07:39.165508431Z,1,1,7311,T,A,0,52370.000000000,1,0,32191,448009,52370.000000000,52390.000000000,2,3,2,3,NIYH6
2026-01-25T23:07:41.902124162Z,2026-01-25T23:07:41.901901107Z,1,1,7311,T,A,0,52370.000000000,2,0,14063,448303,52370.000000000,52375.000000000,2,2,2,2,NIYH6
2026-01-25T23:07:41.902600052Z,2026-01-25T23:07:41.902355801Z,1,1,7311,T,A,0,52360.000000000,1,0,13053,448325,52360.000000000,52365.000000000,1,1,1,1,NIYH6
2026-01-25T23:07:41.904264482Z,2026-01-25T23:07:41.904027317Z,1,1,7311,T,B,0,52335.000000000,1,0,12950,448442,52325.000000000,52335.000000000,1,1,1,1,NIYH6
2026-01-25T23:07:41.912039692Z,2026-01-25T23:07:41.911826967Z,1,1,7311,T,A,0,52365.000000000,1,0,12819,448575,52365.000000000,52370.000000000,1,2,1,2,NIYH6
2026-01-25T23:07:43.256578482Z,2026-01-25T23:07:43.256378295Z,1,1,7311,T,A,0,52350.000000000,1,0,13143,449273,52350.000000000,52355.000000000,1,1,1,1,NIYH6
2026-01-25T23:07:43.421128128Z,2026-01-25T23:07:43.420884893Z,1,1,7311,T,B,0,52350.000000000,1,0,11768,449348,52330.000000000,52350.000000000,2,1,2,1,NIYH6
2026-01-25T23:07:46.542406242Z,2026-01-25T23:07:46.542178371Z,1,1,7311,T,A,0,52330.000000000,1,0,12681,450440,52330.000000000,52335.000000000,1,1,1,1,NIYH6
2026-01-25T23:07:55.534413325Z,2026-01-25T23:07:55.534050849Z,1,1,7311,T,A,0,52305.000000000,2,0,13351,453098,52305.000000000,52330.000000000,2,1,2,1,NIYH6
2026-01-25T23:07:55.534413325Z,2026-01-25T23:07:55.534050849Z,1,1,7311,T,A,0,52300.000000000,5,0,13351,453098,52305.000000000,52330.000000000,2,1,2,1,NIYH6
2026-01-25T23:07:55.799456021Z,2026-01-25T23:07:55.799196361Z,1,1,7311,T,B,0,52285.000000000,3,0,12555,453445,52265.000000000,52285.000000000,2,3,2,3,NIYH6
2026-01-25T23:07:56.478432296Z,2026-01-25T23:07:56.478178905Z,1,1,7311,T,A,0,52270.000000000,1,0,18203,453555,52270.000000000,52300.000000000,3,6,3,2,NIYH6
2026-01-25T23:07:58.256979862Z,2026-01-25T23:07:58.256756011Z,1,1,7311,T,B,0,52290.000000000,1,0,12543,454165,52270.000000000,52290.000000000,2,1,2,1,NIYH6
2026-01-25T23:08:01.240504804Z,2026-01-25T23:08:01.240256685Z,1,1,7311,T,A,0,52270.000000000,1,0,13011,454844,52270.000000000,52285.000000000,1,1,1,1,NIYH6
2026-01-25T23:08:01.253383069Z,2026-01-25T23:08:01.253134525Z,1,1,7311,T,B,0,52275.000000000,1,0,14760,454870,52265.000000000,52275.000000000,1,2,1,2,NIYH6
2026-01-25T23:08:01.262570995Z,2026-01-25T23:08:01.262325057Z,1,1,7311,T,B,0,52280.000000000,1,0,12514,454879,52265.000000000,52280.000000000,1,1,1,1,NIYH6
2026-01-25T23:08:01.309007286Z,2026-01-25T23:08:01.308778413Z,1,1,7311,T,B,0,52275.000000000,1,0,12514,454993,52265.000000000,52275.000000000,1,1,1,1,NIYH6
2026-01-25T23:08:01.361485387Z,2026-01-25T23:08:01.361266229Z,1,1,7311,T,B,0,52275.000000000,1,0,13574,455008,52265.000000000,52275.000000000,1,1,1,1,NIYH6
2026-01-25T23:08:01.594060636Z,2026-01-25T23:08:01.593833777Z,1,1,7311,T,B,0,52275.000000000,1,0,12611,455059,52265.000000000,52275.000000000,1,1,1,1,NIYH6
2026-01-25T23:08:02.161773310Z,2026-01-25T23:08:02.161480623Z,1,1,7311,T,A,0,52270.000000000,1,0,13777,455865,52270.000000000,52285.000000000,1,1,1,1,NIYH6
2026-01-25T23:08:02.161773310Z,2026-01-25T23:08:02.161480623Z,1,1,7311,T,A,0,52265.000000000,1,0,13777,455865,52270.000000000,52285.000000000,1,1,1,1,NIYH6
2026-01-25T23:08:03.240077201Z,2026-01-25T23:08:03.238266303Z,1,1,7311,T,B,0,52270.000000000,1,0,13124,456490,52255.000000000,52270.000000000,2,1,2,1,NIYH6
2026-01-25T23:08:03.247161108Z,2026-01-25T23:08:03.246826603Z,1,1,7311,T,B,0,52275.000000000,1,0,12787,456630,52260.000000000,52275.000000000,2,1,2,1,NIYH6
2026-01-25T23:08:05.772332882Z,2026-01-25T23:08:05.772130459Z,1,1,7311,T,A,0,52265.000000000,1,0,14074,457657,52265.000000000,52285.000000000,2,1,2,1,NIYH6
2026-01-25T23:08:06.921187783Z,2026-01-25T23:08:06.920348713Z,1,1,7311,T,N,0,52280.000000000,1,0,13966,458363,52280.000000000,52285.000000000,1,1,1,1,NIYH6
2026-01-25T23:08:10.537171898Z,2026-01-25T23:08:10.536911951Z,1,1,7311,T,A,0,52255.000000000,2,0,11922,459866,52255.000000000,52260.000000000,2,8,2,1,NIYH6
2026-01-25T23:08:10.537230908Z,2026-01-25T23:08:10.536916905Z,1,1,7311,T,B,0,52260.000000000,8,0,16116,459867,52250.000000000,52260.000000000,1,8,1,1,NIYH6
2026-01-25T23:08:18.158820535Z,2026-01-25T23:08:18.158543177Z,1,1,7311,T,A,0,52250.000000000,1,0,16818,462936,52250.000000000,52265.000000000,2,1,2,1,NIYH6
2026-01-25T23:08:18.310072100Z,2026-01-25T23:08:18.309847313Z,1,1,7311,T,A,0,52250.000000000,1,0,13218,463197,52250.000000000,52275.000000000,1,2,1,2,NIYH6
2026-01-25T23:08:20.332037733Z,2026-01-25T23:08:20.331361499Z,1,1,7311,T,N,0,52260.000000000,1,0,13346,463834,52245.000000000,52260.000000000,1,1,1,1,NIYH6
2026-01-25T23:08:24.155347479Z,2026-01-25T23:08:24.155115073Z,1,1,7311,T,B,0,52275.000000000,1,0,13375,466120,52250.000000000,52275.000000000,1,1,1,1,NIYH6
2026-01-25T23:08:24.317034727Z,2026-01-25T23:08:24.316820383Z,1,1,7311,T,A,0,52280.000000000,1,0,12851,466446,52280.000000000,52285.000000000,1,3,1,3,NIYH6
2026-01-25T23:08:24.597474452Z,2026-01-25T23:08:24.597232035Z,1,1,7311,T,A,0,52255.000000000,1,0,13027,466538,52255.000000000,52285.000000000,1,2,1,2,NIYH6
2026-01-25T23:08:27.977504677Z,2026-01-25T23:08:27.976436311Z,1,1,7311,T,N,0,52255.000000000,1,0,13537,467975,52255.000000000,52285.000000000,2,2,2,2,NIYH6
2026-01-25T23:08:28.099398424Z,2026-01-25T23:08:28.099110593Z,1,1,7311,T,A,0,52255.000000000,1,0,12667,468052,52255.000000000,52285.000000000,1,2,1,2,NIYH6
2026-01-25T23:08:37.615421735Z,2026-01-25T23:08:37.615177449Z,1,1,7311,T,A,0,52270.000000000,1,0,13643,471073,52270.000000000,52290.000000000,1,2,1,2,NIYH6
2026-01-25T23:08:40.207990913Z,2026-01-25T23:08:40.207716159Z,1,1,7311,T,A,0,52245.000000000,1,0,13472,472445,52245.000000000,52275.000000000,3,3,3,3,NIYH6
2026-01-25T23:08:44.118125246Z,2026-01-25T23:08:44.117876405Z,1,1,7311,T,B,0,52260.000000000,1,0,12840,474302,52250.000000000,52260.000000000,1,1,1,1,NIYH6
2026-01-25T23:08:44.118521890Z,2026-01-25T23:08:44.118289089Z,1,1,7311,T,B,0,52265.000000000,1,0,12678,474311,52250.000000000,52265.000000000,2,1,2,1,NIYH6
2026-01-25T23:08:44.144199788Z,2026-01-25T23:08:44.143929137Z,1,1,7311,T,A,0,52255.000000000,1,0,13811,474582,52255.000000000,52290.000000000,3,2,3,2,NIYH6
2026-01-25T23:08:47.407815463Z,2026-01-25T23:08:47.407561161Z,1,1,7311,T,A,0,52255.000000000,1,0,12985,475463,52255.000000000,52270.000000000,1,1,1,1,NIYH6
2026-01-25T23:08:48.011424022Z,2026-01-25T23:08:48.011177791Z,1,1,7311,T,B,0,52270.000000000,1,0,15740,475570,52250.000000000,52270.000000000,2,3,2,3,NIYH6
2026-01-25T23:08:48.102709542Z,2026-01-25T23:08:48.102394399Z,1,1,7311,T,B,0,52270.000000000,2,0,13057,475589,52250.000000000,52270.000000000,2,2,2,2,NIYH6
2026-01-25T23:08:48.102709542Z,2026-01-25T23:08:48.102394399Z,1,1,7311,T,B,0,52275.000000000,1,0,13057,475589,52250.000000000,52270.000000000,2,2,2,2,NIYH6
2026-01-25T23:08:53.546462010Z,2026-01-25T23:08:53.546232445Z,1,1,7311,T,A,0,52260.000000000,1,0,13092,478057,52260.000000000,52280.000000000,2,2,2,2,NIYH6
2026-01-25T23:08:59.735972470Z,2026-01-25T23:08:59.735506725Z,1,1,7311,T,A,0,52250.000000000,1,0,13888,480380,52250.000000000,52265.000000000,1,3,1,3,NIYH6
2026-01-25T23:08:59.735972470Z,2026-01-25T23:08:59.735506725Z,1,1,7311,T,A,0,52245.000000000,2,0,13888,480380,52250.000000000,52265.000000000,1,3,1,3,NIYH6
2026-01-25T23:08:59.735972470Z,2026-01-25T23:08:59.735506725Z,1,1,7311,T,A,0,52240.000000000,2,0,13888,480380,52250.000000000,52265.000000000,1,3,1,3,NIYH6
2026-01-25T23:08:59.735972470Z,2026-01-25T23:08:59.735506725Z,1,1,7311,T,A,0,52235.000000000,1,0,13888,480380,52250.000000000,52265.000000000,1,3,1,3,NIYH6
2026-01-25T23:08:59.736656538Z,2026-01-25T23:08:59.735979677Z,1,1,7311,T,A,0,52235.000000000,2,0,13441,480382,52235.000000000,52265.000000000,1,3,1,3,NIYH6
2026-01-25T23:09:05.469840909Z,2026-01-25T23:09:05.468779795Z,1,1,7311,T,A,0,52240.000000000,1,0,14255,482229,52240.000000000,52250.000000000,1,3,1,3,NIYH6
2026-01-25T23:09:07.179616440Z,2026-01-25T23:09:07.179350775Z,1,1,7311,T,A,0,52230.000000000,1,0,14153,483567,52230.000000000,52240.000000000,1,1,1,1,NIYH6
2026-01-25T23:09:08.170982144Z,2026-01-25T23:09:08.170780915Z,1,1,7311,T,B,0,52235.000000000,1,0,12915,484204,52225.000000000,52235.000000000,1,2,1,2,NIYH6
2026-01-25T23:09:08.706803211Z,2026-01-25T23:09:08.706555501Z,1,1,7311,T,A,0,52225.000000000,1,0,13359,484510,52225.000000000,52245.000000000,2,3,2,3,NIYH6
2026-01-25T23:09:08.706834997Z,2026-01-25T23:09:08.706565293Z,1,1,7311,T,A,0,52225.000000000,1,0,12772,484511,52225.000000000,52245.000000000,1,3,1,3,NIYH6
2026-01-25T23:09:11.579561102Z,2026-01-25T23:09:11.579342623Z,1,1,7311,T,A,0,52220.000000000,1,0,15849,486869,52220.000000000,52235.000000000,1,3,1,3,NIYH6
2026-01-25T23:09:19.808884387Z,2026-01-25T23:09:19.808623391Z,1,1,7311,T,B,0,52235.000000000,1,0,17681,489651,52210.000000000,52235.000000000,3,3,3,3,NIYH6
2026-01-25T23:09:19.866604843Z,2026-01-25T23:09:19.866358161Z,1,1,7311,T,B,0,52235.000000000,1,0,13633,489673,52215.000000000,52235.000000000,2,1,2,1,NIYH6
2026-01-25T23:09:19.909310857Z,2026-01-25T23:09:19.909028651Z,1,1,7311,T,A,0,52215.000000000,2,0,14217,489689,52215.000000000,52245.000000000,2,3,2,3,NIYH6
2026-01-25T23:09:19.919110976Z,2026-01-25T23:09:19.918874853Z,1,1,7311,T,B,0,52235.000000000,1,0,13529,489704,52210.000000000,52235.000000000,3,3,3,3,NIYH6
2026-01-25T23:09:19.976652499Z,2026-01-25T23:09:19.976406955Z,1,1,7311,T,B,0,52235.000000000,1,0,13469,489715,52210.000000000,52235.000000000,3,3,3,3,NIYH6
2026-01-25T23:09:24.214941096Z,2026-01-25T23:09:24.213968543Z,1,1,7311,T,B,0,52250.000000000,2,0,22753,490836,52230.000000000,52250.000000000,3,1,3,1,NIYH6
2026-01-25T23:09:40.904150439Z,2026-01-25T23:09:40.903349395Z,1,1,7311,T,N,0,52225.000000000,2,0,18924,493602,52225.000000000,52255.000000000,2,3,2,3,NIYH6
2026-01-25T23:09:41.026627592Z,2026-01-25T23:09:41.026371071Z,1,1,7311,T,B,0,52225.000000000,1,0,13012,493701,52220.000000000,52225.000000000,1,1,1,1,NIYH6
2026-01-25T23:09:50.602136370Z,2026-01-25T23:09:50.601455753Z,1,1,7311,T,B,0,52225.000000000,1,128,13024,496715,52220.000000000,52235.000000000,1,2,1,2,NIYH6
2026-01-25T23:09:50.800884952Z,2026-01-25T23:09:50.800660669Z,1,1,7311,T,A,0,52220.000000000,1,0,13134,496769,52220.000000000,52225.000000000,1,2,1,2,NIYH6
2026-01-25T23:09:51.043507166Z,2026-01-25T23:09:51.043265661Z,1,1,7311,T,B,0,52215.000000000,1,0,12938,496860,52210.000000000,52215.000000000,2,1,2,1,NIYH6
2026-01-25T23:09:51.619074068Z,2026-01-25T23:09:51.617236841Z,1,1,7311,T,B,0,52225.000000000,1,0,15389,497083,52210.000000000,52225.000000000,4,1,4,1,NIYH6
2026-01-25T23:09:58.860156039Z,2026-01-25T23:09:58.859104013Z,1,1,7311,T,N,0,52220.000000000,2,0,14716,498882,52220.000000000,52250.000000000,2,2,2,2,NIYH6
2026-01-25T23:09:58.860156039Z,2026-01-25T23:09:58.859104013Z,1,1,7311,T,N,0,52215.000000000,2,0,14716,498882,52220.000000000,52250.000000000,2,2,2,2,NIYH6
2026-01-25T23:09:58.860736409Z,2026-01-25T23:09:58.860183199Z,1,1,7311,T,B,0,52215.000000000,1,128,13057,498893,52210.000000000,52245.000000000,2,2,2,2,NIYH6
2026-01-25T23:09:58.861539050Z,2026-01-25T23:09:58.860745121Z,1,1,7311,T,A,0,52210.000000000,1,0,12858,498953,52210.000000000,52245.000000000,1,3,1,3,NIYH6
2026-01-25T23:09:58.985143717Z,2026-01-25T23:09:58.984883433Z,1,1,7311,T,A,0,52210.000000000,1,0,13012,499067,52210.000000000,52215.000000000,1,2,1,2,NIYH6
2026-01-25T23:09:58.985472028Z,2026-01-25T23:09:58.985207609Z,1,1,7311,T,A,0,52205.000000000,1,0,12189,499075,52205.000000000,52215.000000000,1,4,1,4,NIYH6
2026-01-25T23:09:58.985945951Z,2026-01-25T23:09:58.985599773Z,1,1,7311,T,A,0,52200.000000000,1,0,12619,499094,52200.000000000,52210.000000000,2,2,2,2,NIYH6
2026-01-25T23:09:58.986176270Z,2026-01-25T23:09:58.985955187Z,1,1,7311,T,A,0,52200.000000000,1,0,12628,499100,52200.000000000,52210.000000000,1,2,1,2,NIYH6
2026-01-25T23:09:59.708559973Z,2026-01-25T23:09:59.708325341Z,1,1,7311,T,B,0,52200.000000000,1,0,13871,499301,52190.000000000,52200.000000000,4,3,3,3,NIYH6
2026-01-25T23:10:02.557684095Z,2026-01-25T23:10:02.557433579Z,1,1,7311,T,B,0,52200.000000000,1,0,12962,501012,52190.000000000,52200.000000000,3,3,2,3,NIYH6
2026-01-25T23:10:03.067198322Z,2026-01-25T23:10:03.066853161Z,1,1,7311,T,A,0,52190.000000000,1,0,13032,501056,52190.000000000,52200.000000000,3,1,2,1,NIYH6
2026-01-25T23:10:03.067213597Z,2026-01-25T23:10:03.066853161Z,1,1,7311,T,A,0,52190.000000000,2,0,13063,501057,52190.000000000,52200.000000000,3,1,2,1,NIYH6
2026-01-25T23:10:04.911759821Z,2026-01-25T23:10:04.911527497Z,1,1,7311,T,A,0,52185.000000000,1,0,13110,502394,52185.000000000,52200.000000000,2,3,2,3,NIYH6
2026-01-25T23:10:05.751840017Z,2026-01-25T23:10:05.751598461Z,1,1,7311,T,A,0,52185.000000000,1,0,12926,503164,52185.000000000,52195.000000000,1,2,1,2,NIYH6
2026-01-25T23:10:14.890468398Z,2026-01-25T23:10:14.890211631Z,1,1,7311,T,A,0,52180.000000000,1,0,12982,508471,52180.000000000,52200.000000000,3,1,3,1,NIYH6
2026-01-25T23:10:15.439522860Z,2026-01-25T23:10:15.439264951Z,1,1,7311,T,A,0,52180.000000000,2,0,13238,508772,52180.000000000,52200.000000000,2,2,2,2,NIYH6
2026-01-25T23:10:15.439770635Z,2026-01-25T23:10:15.439543473Z,1,1,7311,T,B,0,52180.000000000,2,0,13152,508777,52175.000000000,52180.000000000,2,2,2,1,NIYH6
2026-01-25T23:10:16.762830404Z,2026-01-25T23:10:16.762578447Z,1,1,7311,T,B,0,52195.000000000,1,0,13057,509382,52170.000000000,52195.000000000,2,3,2,3,NIYH6
2026-01-25T23:10:16.832690919Z,2026-01-25T23:10:16.832462833Z,1,1,7311,T,B,0,52195.000000000,1,0,14993,509468,52175.000000000,52195.000000000,2,1,2,1,NIYH6
2026-01-25T23:10:16.887482839Z,2026-01-25T23:10:16.887244585Z,1,1,7311,T,B,0,52200.000000000,1,0,13762,509513,52175.000000000,52200.000000000,2,2,2,2,NIYH6
2026-01-25T23:10:16.940208317Z,2026-01-25T23:10:16.939982605Z,1,1,7311,T,B,0,52200.000000000,1,0,12706,509532,52175.000000000,52200.000000000,2,1,2,1,NIYH6
2026-01-25T23:10:30.407560654Z,2026-01-25T23:10:30.407317743Z,1,1,7311,T,B,0,52205.000000000,1,0,12608,513487,52190.000000000,52205.000000000,2,1,2,1,NIYH6
2026-01-25T23:10:33.170789399Z,2026-01-25T23:10:33.170515045Z,1,1,7311,T,A,0,52195.000000000,1,0,17663,514182,52195.000000000,52215.000000000,2,2,2,2,NIYH6
2026-01-25T23:10:38.132691841Z,2026-01-25T23:10:38.132460149Z,1,1,7311,T,A,0,52210.000000000,2,0,13164,516154,52210.000000000,52215.000000000,2,3,1,3,NIYH6
2026-01-25T23:10:41.880719470Z,2026-01-25T23:10:41.880146409Z,1,1,7311,T,B,0,52215.000000000,1,0,11461,517680,52200.000000000,52215.000000000,1,1,1,1,NIYH6
2026-01-25T23:10:50.990915957Z,2026-01-25T23:10:50.990711455Z,1,1,7311,T,A,0,52215.000000000,1,0,13518,521754,52215.000000000,52225.000000000,1,2,1,2,NIYH6
2026-01-25T23:10:54.020784467Z,2026-01-25T23:10:54.020539019Z,1,1,7311,T,B,0,52210.000000000,1,0,13318,522758,52195.000000000,52210.000000000,1,1,1,1,NIYH6
2026-01-25T23:10:54.021082734Z,2026-01-25T23:10:54.020819191Z,1,1,7311,T,B,0,52215.000000000,1,0,12898,522767,52210.000000000,52215.000000000,4,1,1,1,NIYH6
2026-01-25T23:10:54.140482513Z,2026-01-25T23:10:54.140228237Z,1,1,7311,T,B,0,52220.000000000,1,0,12722,522864,52215.000000000,52220.000000000,5,1,1,1,NIYH6
2026-01-25T23:10:55.535060261Z,2026-01-25T23:10:55.534816767Z,1,1,7311,T,B,0,52230.000000000,1,0,13911,523531,52220.000000000,52230.000000000,1,2,1,2,NIYH6
2026-01-25T23:10:55.535288131Z,2026-01-25T23:10:55.535069311Z,1,1,7311,T,B,0,52230.000000000,1,0,12846,523533,52220.000000000,52230.000000000,1,1,1,1,NIYH6
2026-01-25T23:10:55.989540326Z,2026-01-25T23:10:55.989291269Z,1,1,7311,T,A,0,52225.000000000,1,0,20335,523747,52225.000000000,52250.000000000,2,3,2,3,NIYH6
2026-01-25T23:10:57.069767469Z,2026-01-25T23:10:57.069542431Z,1,1,7311,T,A,0,52225.000000000,1,0,13415,524007,52225.000000000,52245.000000000,1,2,1,2,NIYH6
2026-01-25T23:10:59.547983528Z,2026-01-25T23:10:59.547762667Z,1,1,7311,T,B,0,52235.000000000,1,0,26406,524716,52220.000000000,52235.000000000,1,3,1,3,NIYH6
2026-01-25T23:11:01.704522694Z,2026-01-25T23:11:01.703857119Z,1,1,7311,T,N,0,52235.000000000,1,0,13090,525530,52220.000000000,52235.000000000,2,3,2,3,NIYH6
2026-01-25T23:11:01.704918193Z,2026-01-25T23:11:01.704538997Z,1,1,7311,T,B,0,52235.000000000,1,0,15769,525537,52220.000000000,52235.000000000,3,1,3,1,NIYH6
2026-01-25T23:11:01.711105032Z,2026-01-25T23:11:01.710870643Z,1,1,7311,T,B,0,52250.000000000,2,0,13601,525824,52245.000000000,52250.000000000,1,2,1,2,NIYH6
2026-01-25T23:11:01.711437828Z,2026-01-25T23:11:01.711117179Z,1,1,7311,T,B,0,52255.000000000,1,0,14007,525837,52245.000000000,52255.000000000,1,1,1,1,NIYH6
2026-01-25T23:11:01.712325858Z,2026-01-25T23:11:01.711911601Z,1,1,7311,T,B,0,52265.000000000,1,0,14378,525872,52255.000000000,52265.000000000,1,1,1,1,NIYH6
2026-01-25T23:11:01.737327624Z,2026-01-25T23:11:01.737098125Z,1,1,7311,T,A,0,52250.000000000,1,0,13065,526020,52250.000000000,52270.000000000,2,2,2,2,NIYH6
2026-01-25T23:11:04.629248390Z,2026-01-25T23:11:04.629028403Z,1,1,7311,T,A,0,52245.000000000,1,0,14747,527347,52245.000000000,52255.000000000,2,1,2,1,NIYH6
2026-01-25T23:11:04.629457735Z,2026-01-25T23:11:04.629254723Z,1,1,7311,T,A,0,52245.000000000,1,0,11822,527349,52245.000000000,52255.000000000,1,1,1,1,NIYH6
2026-01-25T23:11:10.040613495Z,2026-01-25T23:11:10.040380179Z,1,1,7311,T,A,0,52225.000000000,1,0,12800,530352,52225.000000000,52240.000000000,2,3,2,3,NIYH6
2026-01-25T23:11:10.079793203Z,2026-01-25T23:11:10.079519047Z,1,1,7311,T,B,0,52235.000000000,1,0,16929,530379,52220.000000000,52235.000000000,2,1,2,1,NIYH6
2026-01-25T23:11:10.079793203Z,2026-01-25T23:11:10.079519047Z,1,1,7311,T,B,0,52240.000000000,1,0,16929,530379,52220.000000000,52235.000000000,2,1,2,1,NIYH6
2026-01-25T23:11:12.763389075Z,2026-01-25T23:11:12.763176647Z,1,1,7311,T,B,0,52240.000000000,2,0,13045,530800,52225.000000000,52240.000000000,1,2,1,2,NIYH6
2026-01-25T23:11:15.605626205Z,2026-01-25T23:11:15.605401977Z,1,1,7311,T,B,0,52250.000000000,1,0,20543,532350,52230.000000000,52250.000000000,2,3,2,3,NIYH6
2026-01-25T23:11:15.605880069Z,2026-01-25T23:11:15.605635649Z,1,1,7311,T,B,0,52250.000000000,2,0,13107,532353,52230.000000000,52250.000000000,3,2,3,2,NIYH6
2026-01-25T23:11:39.537580524Z,2026-01-25T23:11:39.537238263Z,1,1,7311,T,A,0,52245.000000000,4,0,14210,542442,52245.000000000,52270.000000000,4,3,3,3,NIYH6
2026-01-25T23:11:39.537580524Z,2026-01-25T23:11:39.537238263Z,1,1,7311,T,A,0,52235.000000000,2,0,14210,542442,52245.000000000,52270.000000000,4,3,3,3,NIYH6
2026-01-25T23:11:39.537921605Z,2026-01-25T23:11:39.537599879Z,1,1,7311,T,B,0,52235.000000000,2,0,13067,542456,52230.000000000,52235.000000000,1,2,1,1,NIYH6
2026-01-25T23:11:46.629433661Z,2026-01-25T23:11:46.629076163Z,1,1,7311,T,B,0,52265.000000000,1,0,17176,545692,52230.000000000,52265.000000000,1,3,1,3,NIYH6
2026-01-25T23:11:51.509064320Z,2026-01-25T23:11:51.508839437Z,1,1,7311,T,B,0,52260.000000000,1,0,13537,546975,52235.000000000,52260.000000000,1,2,1,2,NIYH6
2026-01-25T23:11:52.160494327Z,2026-01-25T23:11:52.160248115Z,1,1,7311,T,A,0,52240.000000000,1,0,13312,547079,52240.000000000,52260.000000000,1,1,1,1,NIYH6
2026-01-25T23:12:25.329502688Z,2026-01-25T23:12:25.329252951Z,1,1,7311,T,B,0,52250.000000000,1,0,12583,559529,52230.000000000,52250.000000000,4,1,1,1,NIYH6
2026-01-25T23:12:30.826185744Z,2026-01-25T23:12:30.825108353Z,1,1,7311,T,B,0,52265.000000000,3,0,16938,561777,52235.000000000,52265.000000000,4,1,4,1,NIYH6
2026-01-25T23:12:30.826861335Z,2026-01-25T23:12:30.826217545Z,1,1,7311,T,N,0,52265.000000000,1,0,12147,561791,52265.000000000,52270.000000000,1,2,1,2,NIYH6
2026-01-25T23:12:31.312036302Z,2026-01-25T23:12:31.311824841Z,1,1,7311,T,B,0,52250.000000000,1,0,12977,562057,52245.000000000,52250.000000000,1,1,1,1,NIYH6
2026-01-25T23:13:27.317445049Z,2026-01-25T23:13:27.316701967Z,1,1,7311,T,B,0,52270.000000000,17,0,12971,577794,52260.000000000,52285.000000000,3,1,1,1,NIYH6
2026-01-25T23:13:27.345636472Z,2026-01-25T23:13:27.345379263Z,1,1,7311,T,A,0,52275.000000000,1,0,13506,577903,52275.000000000,52290.000000000,1,1,1,1,NIYH6
2026-01-25T23:13:27.440203545Z,2026-01-25T23:13:27.439962401Z,1,1,7311,T,A,0,52270.000000000,4,0,13258,577922,52270.000000000,52290.000000000,4,1,2,1,NIYH6
2026-01-25T23:13:27.440487452Z,2026-01-25T23:13:27.440225759Z,1,1,7311,T,B,0,52270.000000000,6,0,12891,577932,52265.000000000,52270.000000000,1,6,1,1,NIYH6
2026-01-25T23:13:35.028378757Z,2026-01-25T23:13:35.028058113Z,1,1,7311,T,B,0,52270.000000000,2,0,13408,582288,52260.000000000,52270.000000000,3,2,1,2,NIYH6
2026-01-25T23:13:35.028378757Z,2026-01-25T23:13:35.028058113Z,1,1,7311,T,B,0,52275.000000000,2,0,13408,582288,52260.000000000,52270.000000000,3,2,1,2,NIYH6
2026-01-25T23:13:35.056544784Z,2026-01-25T23:13:35.056335315Z,1,1,7311,T,A,0,52260.000000000,1,0,13074,582362,52260.000000000,52275.000000000,4,1,2,1,NIYH6
2026-01-25T23:13:36.828179098Z,2026-01-25T23:13:36.827946625Z,1,1,7311,T,B,0,52275.000000000,1,0,13198,583261,52270.000000000,52275.000000000,1,1,1,1,NIYH6
2026-01-25T23:13:37.271187363Z,2026-01-25T23:13:37.270959303Z,1,1,7311,T,A,0,52275.000000000,1,0,13212,583488,52275.000000000,52290.000000000,2,1,2,1,NIYH6
2026-01-25T23:13:38.289938801Z,2026-01-25T23:13:38.289695547Z,1,1,7311,T,A,0,52275.000000000,1,0,13124,583969,52275.000000000,52290.000000000,1,1,1,1,NIYH6
2026-01-25T23:13:40.631577296Z,2026-01-25T23:13:40.631326883Z,1,1,7311,T,B,0,52280.000000000,1,0,12929,585016,52270.000000000,52280.000000000,1,2,1,2,NIYH6
2026-01-25T23:13:41.349510535Z,2026-01-25T23:13:41.349306051Z,1,1,7311,T,A,0,52270.000000000,1,0,12933,585508,52270.000000000,52280.000000000,1,1,1,1,NIYH6
2026-01-25T23:13:41.349579513Z,2026-01-25T23:13:41.349317687Z,1,1,7311,T,A,0,52265.000000000,1,0,13016,585509,52265.000000000,52280.000000000,1,1,1,1,NIYH6
2026-01-25T23:13:44.510150563Z,2026-01-25T23:13:44.509927205Z,1,1,7311,T,A,0,52260.000000000,1,0,14194,586617,52260.000000000,52270.000000000,2,2,1,2,NIYH6
2026-01-25T23:13:44.510170991Z,2026-01-25T23:13:44.509937899Z,1,1,7311,T,A,0,52260.000000000,1,0,12631,586618,52260.000000000,52270.000000000,1,2,1,2,NIYH6
2026-01-25T23:13:45.461720795Z,2026-01-25T23:13:45.461429877Z,1,1,7311,T,A,0,52250.000000000,2,0,22489,586755,52250.000000000,52270.000000000,2,2,1,2,NIYH6
2026-01-25T23:13:45.462126807Z,2026-01-25T23:13:45.461744013Z,1,1,7311,T,B,0,52250.000000000,1,0,11320,586769,52245.000000000,52250.000000000,1,1,1,1,NIYH6
2026-01-25T23:13:49.880283422Z,2026-01-25T23:13:49.880089661Z,1,1,7311,T,A,0,52240.000000000,1,0,13137,587476,52240.000000000,52250.000000000,3,2,3,2,NIYH6
2026-01-25T23:13:49.880305846Z,2026-01-25T23:13:49.880098667Z,1,1,7311,T,A,0,52240.000000000,1,0,12559,587477,52240.000000000,52250.000000000,2,2,2,2,NIYH6
2026-01-25T23:13:49.880555218Z,2026-01-25T23:13:49.880312335Z,1,1,7311,T,A,0,52240.000000000,1,0,12863,587484,52240.000000000,52250.000000000,1,2,1,2,NIYH6
2026-01-25T23:13:51.788543042Z,2026-01-25T23:13:51.788258229Z,1,1,7311,T,A,0,52220.000000000,2,0,12973,587902,52220.000000000,52235.000000000,2,3,2,3,NIYH6
2026-01-25T23:13:51.788885015Z,2026-01-25T23:13:51.788566473Z,1,1,7311,T,B,0,52220.000000000,1,0,12755,587907,52215.000000000,52220.000000000,3,1,2,1,NIYH6
2026-01-25T23:13:51.789248176Z,2026-01-25T23:13:51.788919313Z,1,1,7311,T,A,0,52215.000000000,2,0,12926,587935,52215.000000000,52220.000000000,2,1,1,1,NIYH6
2026-01-25T23:13:51.789314581Z,2026-01-25T23:13:51.788922711Z,1,1,7311,T,B,0,52220.000000000,1,0,16487,587936,52210.000000000,52220.000000000,4,1,1,1,NIYH6
2026-01-25T23:13:52.558211334Z,2026-01-25T23:13:52.557920965Z,1,1,7311,T,A,0,52210.000000000,4,0,12716,588047,52210.000000000,52215.000000000,4,2,1,2,NIYH6
2026-01-25T23:13:56.473408591Z,2026-01-25T23:13:56.473125311Z,1,1,7311,T,A,0,52195.000000000,4,0,13638,588725,52195.000000000,52215.000000000,4,3,2,3,NIYH6
2026-01-25T23:13:56.473759472Z,2026-01-25T23:13:56.473426143Z,1,1,7311,T,B,0,52195.000000000,2,0,13173,588729,52190.000000000,52195.000000000,1,1,1,1,NIYH6
2026-01-25T23:13:56.473896437Z,2026-01-25T23:13:56.473431921Z,1,1,7311,T,B,0,52195.000000000,1,0,13119,588732,52190.000000000,52195.000000000,1,1,1,1,NIYH6
2026-01-25T23:13:56.474757866Z,2026-01-25T23:13:56.474381627Z,1,1,7311,T,B,0,52195.000000000,2,0,12823,588791,52190.000000000,52195.000000000,2,2,2,2,NIYH6
2026-01-25T23:13:56.519907733Z,2026-01-25T23:13:56.519650203Z,1,1,7311,T,B,0,52195.000000000,1,0,13042,588830,52185.000000000,52195.000000000,1,1,1,1,NIYH6
2026-01-25T23:13:59.067016528Z,2026-01-25T23:13:59.066773919Z,1,1,7311,T,B,0,52195.000000000,1,0,13659,589154,52185.000000000,52195.000000000,1,1,1,1,NIYH6
2026-01-25T23:13:59.067488662Z,2026-01-25T23:13:59.067152719Z,1,1,7311,T,B,0,52195.000000000,2,0,13048,589170,52185.000000000,52195.000000000,4,1,4,1,NIYH6
2026-01-25T23:13:59.067842062Z,2026-01-25T23:13:59.067525853Z,1,1,7311,T,B,0,52195.000000000,1,0,12921,589184,52190.000000000,52195.000000000,1,1,1,1,NIYH6
2026-01-25T23:13:59.068226955Z,2026-01-25T23:13:59.067969313Z,1,1,7311,T,B,0,52195.000000000,2,0,13593,589192,52190.000000000,52195.000000000,1,1,1,1,NIYH6
2026-01-25T23:14:00.409421083Z,2026-01-25T23:14:00.409113745Z,1,1,7311,T,B,0,52195.000000000,2,0,13376,589880,52185.000000000,52195.000000000,1,1,1,1,NIYH6
2026-01-25T23:14:00.409996361Z,2026-01-25T23:14:00.409754803Z,1,1,7311,T,B,0,52195.000000000,1,0,13209,589905,52185.000000000,52195.000000000,3,1,3,1,NIYH6
2026-01-25T23:14:01.327307890Z,2026-01-25T23:14:01.327069839Z,1,1,7311,T,B,0,52210.000000000,1,0,13739,590139,52195.000000000,52210.000000000,1,1,1,1,NIYH6
2026-01-25T23:14:08.309291432Z,2026-01-25T23:14:08.309039251Z,1,1,7311,T,A,0,52210.000000000,1,0,13161,593244,52210.000000000,52230.000000000,3,2,3,2,NIYH6
2026-01-25T23:14:28.249511282Z,2026-01-25T23:14:28.249254643Z,1,1,7311,T,A,0,52210.000000000,1,0,13529,597836,52210.000000000,52230.000000000,3,2,3,2,NIYH6
2026-01-25T23:14:55.601340034Z,2026-01-25T23:14:55.601096079Z,1,1,7311,T,B,0,52225.000000000,1,0,13673,604524,52205.000000000,52225.000000000,1,2,1,2,NIYH6
2026-01-25T23:14:55.653724418Z,2026-01-25T23:14:55.653493699Z,1,1,7311,T,B,0,52230.000000000,1,0,13593,604547,52210.000000000,52230.000000000,2,1,2,1,NIYH6
2026-01-25T23:14:55.707471953Z,2026-01-25T23:14:55.707251061Z,1,1,7311,T,B,0,52245.000000000,1,0,12876,604620,52210.000000000,52245.000000000,3,3,3,3,NIYH6
2026-01-25T23:14:55.759917789Z,2026-01-25T23:14:55.759708677Z,1,1,7311,T,B,0,52245.000000000,1,0,12558,604678,52220.000000000,52245.000000000,2,1,2,1,NIYH6
2026-01-25T23:15:11.465479917Z,2026-01-25T23:15:11.465229155Z,1,1,7311,T,A,0,52215.000000000,1,0,12931,613759,52215.000000000,52235.000000000,2,3,2,3,NIYH6
2026-01-25T23:15:13.016335008Z,2026-01-25T23:15:13.016061413Z,1,1,7311,T,A,0,52225.000000000,1,0,13862,614857,52225.000000000,52235.000000000,1,3,1,3,NIYH6
2026-01-25T23:15:16.760825907Z,2026-01-25T23:15:16.760577495Z,1,1,7311,T,A,0,52205.000000000,2,0,12770,616765,52205.000000000,52220.000000000,2,3,2,3,NIYH6
2026-01-25T23:15:19.865761881Z,2026-01-25T23:15:19.865532533Z,1,1,7311,T,B,0,52205.000000000,1,0,12046,618055,52200.000000000,52205.000000000,1,3,1,1,NIYH6
2026-01-25T23:15:19.865959400Z,2026-01-25T23:15:19.865767413Z,1,1,7311,T,B,0,52205.000000000,2,0,12763,618057,52200.000000000,52205.000000000,1,2,1,1,NIYH6
2026-01-25T23:15:19.888592253Z,2026-01-25T23:15:19.888334063Z,1,1,7311,T,B,0,52220.000000000,1,0,13949,618108,52205.000000000,52220.000000000,1,1,1,1,NIYH6
2026-01-25T23:15:20.511004931Z,2026-01-25T23:15:20.510769385Z,1,1,7311,T,B,0,52225.000000000,1,0,13072,618389,52215.000000000,52225.000000000,1,1,1,1,NIYH6
2026-01-25T23:15:20.818227599Z,2026-01-25T23:15:20.817993195Z,1,1,7311,T,A,0,52235.000000000,1,0,12751,618710,52235.000000000,52245.000000000,1,2,1,2,NIYH6
2026-01-25T23:15:24.099600970Z,2026-01-25T23:15:24.099390497Z,1,1,7311,T,A,0,52230.000000000,1,0,13150,619469,52230.000000000,52240.000000000,1,2,1,2,NIYH6
2026-01-25T23:15:24.507736732Z,2026-01-25T23:15:24.507327559Z,1,1,7311,T,B,0,52235.000000000,3,0,13594,619663,52215.000000000,52235.000000000,3,3,3,3,NIYH6
2026-01-25T23:15:24.507736732Z,2026-01-25T23:15:24.507327559Z,1,1,7311,T,B,0,52240.000000000,4,0,13594,619663,52215.000000000,52235.000000000,3,3,3,3,NIYH6
2026-01-25T23:15:24.507736732Z,2026-01-25T23:15:24.507327559Z,1,1,7311,T,B,0,52245.000000000,1,0,13594,619663,52215.000000000,52235.000000000,3,3,3,3,NIYH6
2026-01-25T23:15:26.583112224Z,2026-01-25T23:15:26.581978483Z,1,1,7311,T,N,0,52235.000000000,3,0,14474,620315,52235.000000000,52250.000000000,3,3,3,2,NIYH6
2026-01-25T23:15:26.583112224Z,2026-01-25T23:15:26.581978483Z,1,1,7311,T,N,0,52230.000000000,3,0,14474,620315,52235.000000000,52250.000000000,3,3,3,2,NIYH6
2026-01-25T23:15:27.173989043Z,2026-01-25T23:15:27.173766985Z,1,1,7311,T,B,0,52215.000000000,2,0,12525,620582,52205.000000000,52215.000000000,2,2,2,1,NIYH6
2026-01-25T23:15:29.655731278Z,2026-01-25T23:15:29.655468135Z,1,1,7311,T,B,0,52220.000000000,1,0,20963,620906,52205.000000000,52220.000000000,2,1,2,1,NIYH6
2026-01-25T23:15:33.784067191Z,2026-01-25T23:15:33.783796359Z,1,1,7311,T,B,0,52235.000000000,1,0,14717,621665,52220.000000000,52235.000000000,2,1,1,1,NIYH6
2026-01-25T23:15:38.370096195Z,2026-01-25T23:15:38.369864877Z,1,1,7311,T,B,0,52245.000000000,1,0,12899,622785,52230.000000000,52245.000000000,2,1,1,1,NIYH6
2026-01-25T23:15:39.506143724Z,2026-01-25T23:15:39.505435271Z,1,1,7311,T,B,0,52250.000000000,2,0,13358,623330,52235.000000000,52250.000000000,2,3,2,2,NIYH6
2026-01-25T23:15:39.506394055Z,2026-01-25T23:15:39.506150151Z,1,1,7311,T,B,0,52250.000000000,1,0,13024,623334,52235.000000000,52250.000000000,2,1,2,1,NIYH6
2026-01-25T23:15:45.498742586Z,2026-01-25T23:15:45.498461071Z,1,1,7311,T,B,0,52270.000000000,1,0,14521,625328,52255.000000000,52270.000000000,2,1,1,1,NIYH6
2026-01-25T23:15:45.499456005Z,2026-01-25T23:15:45.498931585Z,1,1,7311,T,B,0,52275.000000000,2,0,12835,625372,52270.000000000,52275.000000000,1,2,1,1,NIYH6
2026-01-25T23:15:45.762144855Z,2026-01-25T23:15:45.761934739Z,1,1,7311,T,B,0,52295.000000000,1,0,16638,626041,52280.000000000,52295.000000000,2,1,2,1,NIYH6
2026-01-25T23:15:46.771439548Z,2026-01-25T23:15:46.771097715Z,1,1,7311,T,B,0,52300.000000000,2,0,13647,626232,52280.000000000,52300.000000000,2,2,2,2,NIYH6
2026-01-25T23:15:46.771439548Z,2026-01-25T23:15:46.771097715Z,1,1,7311,T,B,0,52305.000000000,2,0,13647,626232,52280.000000000,52300.000000000,2,2,2,2,NIYH6
2026-01-25T23:15:50.604160764Z,2026-01-25T23:15:50.603911565Z,1,1,7311,T,A,0,52305.000000000,1,0,16073,627698,52305.000000000,52315.000000000,1,1,1,1,NIYH6
2026-01-25T23:15:50.704190967Z,2026-01-25T23:15:50.703968995Z,1,1,7311,T,A,0,52305.000000000,1,0,13068,627795,52305.000000000,52310.000000000,1,2,1,2,NIYH6
2026-01-25T23:15:50.733427860Z,2026-01-25T23:15:50.733160017Z,1,1,7311,T,B,0,52310.000000000,1,0,15900,627834,52290.000000000,52310.000000000,2,2,2,2,NIYH6
2026-01-25T23:15:52.464688958Z,2026-01-25T23:15:52.464442947Z,1,1,7311,T,A,0,52290.000000000,1,0,14969,628097,52290.000000000,52315.000000000,4,3,4,3,NIYH6
2026-01-25T23:15:59.497409019Z,2026-01-25T23:15:59.497143705Z,1,1,7311,T,B,0,52310.000000000,1,0,13500,629562,52290.000000000,52310.000000000,3,1,3,1,NIYH6
2026-01-25T23:16:05.192833441Z,2026-01-25T23:16:05.192615773Z,1,1,7311,T,B,0,52305.000000000,1,0,12924,631539,52295.000000000,52305.000000000,4,1,4,1,NIYH6
2026-01-25T23:16:07.288017435Z,2026-01-25T23:16:07.287788247Z,1,1,7311,T,A,0,52295.000000000,1,0,13186,632772,52295.000000000,52315.000000000,5,1,5,1,NIYH6
2026-01-25T23:16:09.808148368Z,2026-01-25T23:16:09.807904905Z,1,1,7311,T,B,0,52305.000000000,1,0,13796,633625,52295.000000000,52305.000000000,3,1,3,1,NIYH6
2026-01-25T23:16:09.830602384Z,2026-01-25T23:16:09.830396063Z,1,1,7311,T,B,0,52315.000000000,1,0,13422,633765,52295.000000000,52315.000000000,3,2,3,2,NIYH6
2026-01-25T23:16:10.006487811Z,2026-01-25T23:16:10.006250295Z,1,1,7311,T,B,0,52305.000000000,2,0,12934,633984,52300.000000000,52305.000000000,3,2,3,1,NIYH6
2026-01-25T23:16:11.453978647Z,2026-01-25T23:16:11.453739477Z,1,1,7311,T,A,0,52315.000000000,1,0,13025,634420,52315.000000000,52320.000000000,1,3,1,3,NIYH6
2026-01-25T23:16:14.071836557Z,2026-01-25T23:16:14.071576811Z,1,1,7311,T,B,0,52320.000000000,2,0,15471,635230,52300.000000000,52320.000000000,2,3,2,3,NIYH6
2026-01-25T23:16:19.848562306Z,2026-01-25T23:16:19.848341163Z,1,1,7311,T,B,0,52320.000000000,1,0,12667,637083,52305.000000000,52320.000000000,1,3,1,3,NIYH6
2026-01-25T23:16:21.253238771Z,2026-01-25T23:16:21.253001243Z,1,1,7311,T,B,0,52310.000000000,1,0,15198,637560,52300.000000000,52310.000000000,2,1,2,1,NIYH6
2026-01-25T23:16:22.640837716Z,2026-01-25T23:16:22.640608199Z,1,1,7311,T,B,0,52320.000000000,1,0,13081,638045,52300.000000000,52320.000000000,3,1,3,1,NIYH6
2026-01-25T23:16:29.616255507Z,2026-01-25T23:16:29.615956761Z,1,1,7311,T,B,0,52325.000000000,1,0,13550,640008,52305.000000000,52325.000000000,5,1,5,1,NIYH6
2026-01-25T23:16:29.616791266Z,2026-01-25T23:16:29.616604309Z,1,1,7311,T,B,0,52330.000000000,1,0,12837,640033,52310.000000000,52330.000000000,3,5,3,1,NIYH6
2026-01-25T23:16:29.616857964Z,2026-01-25T23:16:29.616606745Z,1,1,7311,T,B,0,52330.000000000,3,0,12916,640034,52310.000000000,52330.000000000,3,4,3,1,NIYH6
2026-01-25T23:16:29.616857964Z,2026-01-25T23:16:29.616609127Z,1,1,7311,T,B,0,52330.000000000,1,0,12916,640034,52310.000000000,52330.000000000,3,1,3,1,NIYH6
2026-01-25T23:16:35.853549632Z,2026-01-25T23:16:35.853354111Z,1,1,7311,T,B,0,52340.000000000,1,0,12667,641413,52325.000000000,52340.000000000,4,1,4,1,NIYH6
2026-01-25T23:16:36.156524801Z,2026-01-25T23:16:36.156252833Z,1,1,7311,T,B,0,52350.000000000,1,0,13180,641532,52325.000000000,52350.000000000,5,2,5,2,NIYH6
2026-01-25T23:16:40.966383884Z,2026-01-25T23:16:40.966114009Z,1,1,7311,T,A,0,52330.000000000,3,0,12844,642243,52330.000000000,52350.000000000,3,1,3,1,NIYH6
2026-01-25T23:16:40.968402927Z,2026-01-25T23:16:40.967546015Z,1,1,7311,T,A,0,52325.000000000,1,0,13488,642282,52325.000000000,52340.000000000,1,1,1,1,NIYH6
2026-01-25T23:16:41.067437445Z,2026-01-25T23:16:41.067201415Z,1,1,7311,T,A,0,52325.000000000,1,0,12586,642411,52325.000000000,52330.000000000,1,2,1,2,NIYH6
2026-01-25T23:16:42.796797274Z,2026-01-25T23:16:42.796437605Z,1,1,7311,T,A,0,52310.000000000,1,0,16248,642823,52310.000000000,52330.000000000,1,2,1,2,NIYH6
2026-01-25T23:16:42.796797274Z,2026-01-25T23:16:42.796437605Z,1,1,7311,T,A,0,52305.000000000,2,0,16248,642823,52310.000000000,52330.000000000,1,2,1,2,NIYH6
2026-01-25T23:16:42.797243313Z,2026-01-25T23:16:42.796823123Z,1,1,7311,T,B,0,52305.000000000,1,0,13135,642841,52300.000000000,52305.000000000,4,1,4,1,NIYH6
2026-01-25T23:16:42.797349016Z,2026-01-25T23:16:42.796827617Z,1,1,7311,T,A,0,52300.000000000,1,0,16627,642842,52300.000000000,52305.000000000,3,2,3,2,NIYH6
2026-01-25T23:16:42.797417364Z,2026-01-25T23:16:42.796832071Z,1,1,7311,T,A,0,52300.000000000,2,0,15304,642844,52300.000000000,52305.000000000,2,2,2,2,NIYH6
2026-01-25T23:16:42.798267073Z,2026-01-25T23:16:42.797763881Z,1,1,7311,T,B,0,52300.000000000,1,0,10606,642924,52280.000000000,52300.000000000,2,1,2,1,NIYH6
2026-01-25T23:16:43.493312866Z,2026-01-25T23:16:43.493093505Z,1,1,7311,T,A,0,52280.000000000,1,0,13119,643101,52280.000000000,52300.000000000,2,3,2,3,NIYH6
2026-01-25T23:16:43.545992081Z,2026-01-25T23:16:43.545772525Z,1,1,7311,T,A,0,52275.000000000,1,0,13581,643185,52275.000000000,52295.000000000,1,3,1,3,NIYH6
2026-01-25T23:16:43.601902272Z,2026-01-25T23:16:43.601680073Z,1,1,7311,T,A,0,52270.000000000,1,0,13543,643202,52270.000000000,52295.000000000,1,3,1,3,NIYH6
2026-01-25T23:16:46.508454207Z,2026-01-25T23:16:46.508186673Z,1,1,7311,T,B,0,52280.000000000,1,0,13102,643609,52270.000000000,52280.000000000,1,1,1,1,NIYH6
2026-01-25T23:16:46.534613318Z,2026-01-25T23:16:46.534374047Z,1,1,7311,T,B,0,52290.000000000,1,0,13192,643693,52270.000000000,52290.000000000,2,1,2,1,NIYH6
2026-01-25T23:16:59.059302316Z,2026-01-25T23:16:59.059062817Z,1,1,7311,T,B,0,52295.000000000,1,0,13565,646451,52275.000000000,52295.000000000,3,1,3,1,NIYH6
2026-01-25T23:16:59.180870489Z,2026-01-25T23:16:59.180608445Z,1,1,7311,T,B,0,52300.000000000,1,0,16141,646486,52280.000000000,52300.000000000,2,1,2,1,NIYH6
2026-01-25T23:16:59.181511982Z,2026-01-25T23:16:59.181084717Z,1,1,7311,T,B,0,52305.000000000,2,0,13214,646511,52300.000000000,52305.000000000,1,1,1,1,NIYH6
2026-01-25T23:16:59.273049617Z,2026-01-25T23:16:59.272787489Z,1,1,7311,T,B,0,52305.000000000,1,0,14088,646600,52300.000000000,52305.000000000,1,1,1,1,NIYH6
2026-01-25T23:16:59.273348492Z,2026-01-25T23:16:59.273063285Z,1,1,7311,T,B,0,52305.000000000,2,0,12796,646605,52300.000000000,52305.000000000,1,1,1,1,NIYH6
2026-01-25T23:16:59.273456314Z,2026-01-25T23:16:59.273181417Z,1,1,7311,T,A,0,52300.000000000,1,0,12655,646608,52300.000000000,52305.000000000,1,1,1,1,NIYH6
2026-01-25T23:16:59.273617401Z,2026-01-25T23:16:59.273382529Z,1,1,7311,T,B,0,52305.000000000,2,0,13147,646610,52290.000000000,52305.000000000,1,1,1,1,NIYH6
2026-01-25T23:16:59.345509076Z,2026-01-25T23:16:59.345254931Z,1,1,7311,T,B,0,52305.000000000,1,0,12815,646640,52290.000000000,52305.000000000,2,1,2,1,NIYH6
2026-01-25T23:17:00.322701647Z,2026-01-25T23:17:00.322446607Z,1,1,7311,T,B,0,52305.000000000,1,0,13184,647028,52290.000000000,52305.000000000,2,1,2,1,NIYH6
2026-01-25T23:17:02.692808789Z,2026-01-25T23:17:02.692552609Z,1,1,7311,T,A,0,52290.000000000,1,0,15074,647545,52290.000000000,52305.000000000,2,2,2,2,NIYH6
2026-01-25T23:17:02.745670934Z,2026-01-25T23:17:02.745402025Z,1,1,7311,T,A,0,52290.000000000,1,0,16239,647558,52290.000000000,52305.000000000,1,2,1,2,NIYH6
2026-01-25T23:17:02.807453195Z,2026-01-25T23:17:02.807202747Z,1,1,7311,T,A,0,52270.000000000,1,0,14854,647626,52270.000000000,52300.000000000,2,3,2,3,NIYH6
2026-01-25T23:17:02.860320401Z,2026-01-25T23:17:02.860096839Z,1,1,7311,T,A,0,52270.000000000,1,0,13453,647662,52270.000000000,52290.000000000,1,2,1,2,NIYH6
2026-01-25T23:17:13.069579812Z,2026-01-25T23:17:13.069304133Z,1,1,7311,T,B,0,52295.000000000,1,0,13450,649259,52275.000000000,52295.000000000,2,1,2,1,NIYH6
2026-01-25T23:17:29.388963691Z,2026-01-25T23:17:29.388701151Z,1,1,7311,T,B,0,52300.000000000,1,0,13257,654801,52280.000000000,52300.000000000,1,2,1,2,NIYH6
2026-01-25T23:18:06.298827462Z,2026-01-25T23:18:06.298558921Z,1,1,7311,T,B,0,52325.000000000,1,0,13000,668625,52300.000000000,52325.000000000,3,3,3,3,NIYH6
2026-01-25T23:18:06.334106550Z,2026-01-25T23:18:06.333852143Z,1,1,7311,T,B,0,52325.000000000,1,0,12704,668643,52305.000000000,52325.000000000,2,1,2,1,NIYH6
2026-01-25T23:18:36.078975703Z,2026-01-25T23:18:36.078747343Z,1,1,7311,T,A,0,52315.000000000,1,0,12713,679744,52315.000000000,52340.000000000,3,3,3,1,NIYH6
2026-01-25T23:18:36.101757059Z,2026-01-25T23:18:36.101531959Z,1,1,7311,T,B,0,52335.000000000,1,0,13495,679768,52315.000000000,52335.000000000,1,2,1,2,NIYH6
2026-01-25T23:18:44.469307388Z,2026-01-25T23:18:44.469041313Z,1,1,7311,T,A,0,52325.000000000,1,0,12977,681810,52325.000000000,52340.000000000,2,3,2,1,NIYH6
2026-01-25T23:19:49.279127892Z,2026-01-25T23:19:49.278890777Z,1,1,7311,T,B,0,52315.000000000,1,0,12706,701473,52295.000000000,52315.000000000,2,1,2,1,NIYH6
2026-01-25T23:19:59.254552977Z,2026-01-25T23:19:59.254354501Z,1,1,7311,T,B,0,52325.000000000,1,0,15318,703617,52305.000000000,52325.000000000,2,2,2,2,NIYH6
2026-01-25T23:20:02.836440496Z,2026-01-25T23:20:02.836196319Z,1,1,7311,T,B,0,52315.000000000,1,0,14417,705006,52305.000000000,52315.000000000,2,2,2,1,NIYH6
2026-01-25T23:20:02.836674201Z,2026-01-25T23:20:02.836451379Z,1,1,7311,T,B,0,52315.000000000,1,0,12420,705009,52305.000000000,52315.000000000,2,1,2,1,NIYH6
2026-01-25T23:20:38.811301844Z,2026-01-25T23:20:38.811060761Z,1,1,7311,T,B,0,52315.000000000,1,0,13224,715979,52310.000000000,52315.000000000,3,1,3,1,NIYH6
2026-01-25T23:20:45.060094922Z,2026-01-25T23:20:45.059811709Z,1,1,7311,T,B,0,52330.000000000,6,0,12649,717089,52325.000000000,52330.000000000,1,6,1,1,NIYH6
2026-01-25T23:20:45.536749170Z,2026-01-25T23:20:45.536504279Z,1,1,7311,T,B,0,52340.000000000,3,0,12785,717331,52330.000000000,52340.000000000,3,3,1,1,NIYH6
2026-01-25T23:20:45.540170024Z,2026-01-25T23:20:45.539947893Z,1,1,7311,T,B,0,52340.000000000,4,0,12929,717493,52335.000000000,52340.000000000,3,4,3,1,NIYH6
2026-01-25T23:20:45.540916605Z,2026-01-25T23:20:45.540627523Z,1,1,7311,T,A,0,52335.000000000,2,0,13244,717502,52335.000000000,52345.000000000,2,1,2,1,NIYH6
2026-01-25T23:20:45.540916605Z,2026-01-25T23:20:45.540627523Z,1,1,7311,T,A,0,52330.000000000,2,0,13244,717502,52335.000000000,52345.000000000,2,1,2,1,NIYH6
2026-01-25T23:20:47.342151760Z,2026-01-25T23:20:47.341933665Z,1,1,7311,T,A,0,52330.000000000,1,0,12588,718008,52330.000000000,52345.000000000,1,3,1,3,NIYH6
2026-01-25T23:20:51.531036187Z,2026-01-25T23:20:51.530787591Z,1,1,7311,T,B,0,52340.000000000,1,0,14544,718942,52320.000000000,52340.000000000,2,2,2,2,NIYH6
2026-01-25T23:20:56.891057610Z,2026-01-25T23:20:56.890490949Z,1,1,7311,T,B,0,52345.000000000,1,0,12740,722021,52335.000000000,52345.000000000,3,1,3,1,NIYH6
2026-01-25T23:20:57.166904199Z,2026-01-25T23:20:57.166676943Z,1,1,7311,T,B,0,52355.000000000,5,0,15543,722853,52340.000000000,52355.000000000,3,5,3,1,NIYH6
2026-01-25T23:20:59.099133607Z,2026-01-25T23:20:59.098017051Z,1,1,7311,T,A,0,52350.000000000,1,0,18320,725831,52350.000000000,52360.000000000,1,2,1,2,NIYH6
2026-01-25T23:20:59.746069455Z,2026-01-25T23:20:59.745804997Z,1,1,7311,T,B,0,52360.000000000,1,0,22288,726782,52340.000000000,52360.000000000,2,2,2,2,NIYH6
2026-01-25T23:21:15.812637368Z,2026-01-25T23:21:15.812398713Z,1,1,7311,T,A,0,52350.000000000,2,0,12831,736151,52350.000000000,52365.000000000,2,9,2,4,NIYH6
2026-01-25T23:21:15.812872325Z,2026-01-25T23:21:15.812644673Z,1,1,7311,T,A,0,52345.000000000,1,0,12794,736155,52345.000000000,52365.000000000,1,9,1,4,NIYH6
2026-01-25T23:21:21.129061318Z,2026-01-25T23:21:21.128510677Z,1,1,7311,T,A,0,52340.000000000,1,0,14393,738943,52340.000000000,52350.000000000,1,2,1,2,NIYH6
2026-01-25T23:21:21.158361676Z,2026-01-25T23:21:21.158125005Z,1,1,7311,T,B,0,52350.000000000,1,0,13388,739045,52330.000000000,52350.000000000,1,2,1,2,NIYH6
2026-01-25T23:21:25.410118163Z,2026-01-25T23:21:25.409815523Z,1,1,7311,T,A,0,52335.000000000,2,0,12642,740811,52335.000000000,52355.000000000,2,7,2,2,NIYH6
2026-01-25T23:21:25.411455481Z,2026-01-25T23:21:25.411212013Z,1,1,7311,T,B,0,52335.000000000,1,0,12686,740887,52325.000000000,52335.000000000,1,1,1,1,NIYH6
2026-01-25T23:21:30.412084074Z,2026-01-25T23:21:30.411794669Z,1,1,7311,T,B,0,52335.000000000,1,0,17073,742361,52325.000000000,52335.000000000,2,1,2,1,NIYH6
2026-01-25T23:21:31.925042227Z,2026-01-25T23:21:31.924682621Z,1,1,7311,T,B,0,52335.000000000,4,0,12703,742893,52325.000000000,52335.000000000,2,1,2,1,NIYH6
2026-01-25T23:21:36.379694545Z,2026-01-25T23:21:36.379378057Z,1,1,7311,T,B,0,52335.000000000,1,0,15868,744261,52325.000000000,52335.000000000,2,1,2,1,NIYH6
2026-01-25T23:21:39.218714835Z,2026-01-25T23:21:39.214808109Z,1,1,7311,T,B,0,52335.000000000,1,0,16471,745420,52325.000000000,52335.000000000,2,1,2,1,NIYH6
2026-01-25T23:21:41.723204889Z,2026-01-25T23:21:41.722921721Z,1,1,7311,T,B,0,52345.000000000,1,0,15291,747381,52335.000000000,52345.000000000,4,1,1,1,NIYH6
2026-01-25T23:21:45.394172444Z,2026-01-25T23:21:45.389535479Z,1,1,7311,T,B,0,52355.000000000,3,0,12538,750910,52340.000000000,52355.000000000,3,6,3,1,NIYH6
2026-01-25T23:21:45.395265958Z,2026-01-25T23:21:45.389546681Z,1,1,7311,T,B,0,52355.000000000,1,0,13348,750931,52340.000000000,52355.000000000,4,3,4,1,NIYH6
2026-01-25T23:21:45.395629464Z,2026-01-25T23:21:45.389552891Z,1,1,7311,T,B,0,52355.000000000,2,0,13075,750941,52340.000000000,52355.000000000,4,2,4,1,NIYH6
2026-01-25T23:21:54.290593673Z,2026-01-25T23:21:54.290317703Z,1,1,7311,T,A,0,52360.000000000,4,0,12872,758633,52360.000000000,52365.000000000,4,3,1,3,NIYH6
2026-01-25T23:21:54.291348293Z,2026-01-25T23:21:54.291134837Z,1,1,7311,T,A,0,52360.000000000,1,0,13203,758688,52360.000000000,52365.000000000,1,2,1,2,NIYH6
2026-01-25T23:21:54.316652441Z,2026-01-25T23:21:54.316431757Z,1,1,7311,T,B,0,52365.000000000,1,0,13447,758887,52350.000000000,52365.000000000,1,3,1,3,NIYH6
2026-01-25T23:21:57.979131465Z,2026-01-25T23:21:57.978895361Z,1,1,7311,T,B,0,52375.000000000,1,0,15504,761063,52360.000000000,52375.000000000,1,6,1,2,NIYH6
2026-01-25T23:22:05.996661391Z,2026-01-25T23:22:05.996449733Z,1,1,7311,T,B,0,52375.000000000,3,0,12884,765655,52355.000000000,52375.000000000,2,10,2,2,NIYH6
2026-01-25T23:22:13.022435617Z,2026-01-25T23:22:13.021371199Z,1,1,7311,T,B,0,52365.000000000,2,0,14470,768820,52355.000000000,52365.000000000,2,5,2,1,NIYH6
2026-01-25T23:22:13.022583665Z,2026-01-25T23:22:13.021379303Z,1,1,7311,T,B,0,52365.000000000,3,0,16969,768821,52355.000000000,52365.000000000,2,3,2,1,NIYH6
2026-01-25T23:22:39.060000884Z,2026-01-25T23:22:39.059728545Z,1,1,7311,T,A,0,52355.000000000,3,0,13043,789593,52355.000000000,52370.000000000,3,7,3,3,NIYH6
2026-01-25T23:22:52.932214012Z,2026-01-25T23:22:52.931960981Z,1,1,7311,T,A,0,52335.000000000,1,0,13206,795522,52335.000000000,52345.000000000,1,2,1,2,NIYH6
2026-01-25T23:22:59.067083344Z,2026-01-25T23:22:59.066854339Z,1,1,7311,T,B,0,52335.000000000,1,0,12950,797738,52330.000000000,52335.000000000,2,5,2,1,NIYH6
2026-01-25T23:22:59.067120497Z,2026-01-25T23:22:59.066862673Z,1,1,7311,T,B,0,52335.000000000,2,0,13734,797739,52330.000000000,52335.000000000,2,4,2,1,NIYH6
2026-01-25T23:22:59.067309439Z,2026-01-25T23:22:59.067090239Z,1,1,7311,T,B,0,52335.000000000,2,0,12847,797747,52330.000000000,52335.000000000,1,2,1,1,NIYH6
2026-01-25T23:22:59.093209244Z,2026-01-25T23:22:59.092964151Z,1,1,7311,T,B,0,52345.000000000,1,0,12852,797798,52330.000000000,52345.000000000,2,1,2,1,NIYH6
2026-01-25T23:23:02.498948563Z,2026-01-25T23:23:02.498702171Z,1,1,7311,T,A,0,52335.000000000,1,0,12735,800243,52335.000000000,52350.000000000,1,2,1,2,NIYH6
2026-01-25T23:23:08.971987514Z,2026-01-25T23:23:08.971745103Z,1,1,7311,T,B,0,52345.000000000,1,0,13857,803746,52330.000000000,52345.000000000,3,1,3,1,NIYH6
2026-01-25T23:23:14.591145733Z,2026-01-25T23:23:14.590937307Z,1,1,7311,T,B,0,52340.000000000,1,0,15631,805457,52330.000000000,52340.000000000,4,1,4,1,NIYH6
2026-01-25T23:23:19.205175956Z,2026-01-25T23:23:19.204966113Z,1,1,7311,T,B,0,52345.000000000,1,0,13699,807581,52330.000000000,52345.000000000,2,8,2,3,NIYH6
2026-01-25T23:23:24.999578828Z,2026-01-25T23:23:24.999325823Z,1,1,7311,T,B,0,52345.000000000,1,0,14490,811126,52330.000000000,52345.000000000,3,7,3,2,NIYH6
2026-01-25T23:23:29.190649095Z,2026-01-25T23:23:29.185992391Z,1,1,7311,T,B,0,52345.000000000,2,0,13948,812444,52335.000000000,52345.000000000,2,6,2,1,NIYH6
2026-01-25T23:23:29.233534809Z,2026-01-25T23:23:29.186036983Z,1,1,7311,T,N,0,52345.000000000,1,0,14106,812487,52340.000000000,52345.000000000,1,4,1,1,NIYH6
2026-01-25T23:23:29.239325395Z,2026-01-25T23:23:29.190669351Z,1,1,7311,T,B,0,52345.000000000,2,0,17147,812544,52340.000000000,52345.000000000,2,3,2,1,NIYH6
2026-01-25T23:23:29.242584855Z,2026-01-25T23:23:29.238172263Z,1,1,7311,T,B,0,52345.000000000,1,0,14187,812579,52340.000000000,52345.000000000,4,1,4,1,NIYH6
2026-01-25T23:23:29.249055824Z,2026-01-25T23:23:29.247875817Z,1,1,7311,T,B,0,52365.000000000,1,0,14309,812725,52340.000000000,52365.000000000,5,2,5,2,NIYH6
2026-01-25T23:23:41.726872150Z,2026-01-25T23:23:41.725684909Z,1,1,7311,T,A,0,52340.000000000,3,0,16741,819448,52340.000000000,52360.000000000,3,2,3,2,NIYH6
2026-01-25T23:23:47.762159500Z,2026-01-25T23:23:47.761919669Z,1,1,7311,T,B,0,52350.000000000,1,0,12871,822927,52335.000000000,52350.000000000,2,3,2,3,NIYH6
2026-01-25T23:23:54.911578552Z,2026-01-25T23:23:54.911356515Z,1,1,7311,T,B,0,52350.000000000,1,0,13279,825232,52340.000000000,52350.000000000,1,2,1,2,NIYH6
2026-01-25T23:23:54.943626901Z,2026-01-25T23:23:54.943382831Z,1,1,7311,T,B,0,52355.000000000,1,0,12869,825259,52340.000000000,52355.000000000,2,1,2,1,NIYH6
2026-01-25T23:24:02.308389694Z,2026-01-25T23:24:02.308081547Z,1,1,7311,T,A,0,52350.000000000,3,0,16203,827904,52350.000000000,52365.000000000,3,6,3,2,NIYH6
2026-01-25T23:24:05.840699509Z,2026-01-25T23:24:05.840481619Z,1,1,7311,T,A,0,52345.000000000,1,0,12850,829300,52345.000000000,52360.000000000,2,4,2,4,NIYH6
2026-01-25T23:24:05.840753082Z,2026-01-25T23:24:05.840494579Z,1,1,7311,T,A,0,52345.000000000,1,0,12891,829301,52345.000000000,52360.000000000,1,4,1,4,NIYH6
2026-01-25T23:24:07.421155215Z,2026-01-25T23:24:07.420927205Z,1,1,7311,T,A,0,52345.000000000,1,0,12879,829952,52345.000000000,52350.000000000,1,6,1,2,NIYH6
2026-01-25T23:24:07.421671107Z,2026-01-25T23:24:07.421460077Z,1,1,7311,T,B,0,52345.000000000,1,0,14343,829969,52335.000000000,52345.000000000,3,1,3,1,NIYH6
2026-01-25T23:24:07.422174513Z,2026-01-25T23:24:07.421862645Z,1,1,7311,T,B,0,52350.000000000,3,0,16047,829979,52335.000000000,52350.000000000,4,5,4,1,NIYH6
2026-01-25T23:24:07.422252146Z,2026-01-25T23:24:07.421868079Z,1,1,7311,T,B,0,52350.000000000,2,0,16926,829980,52335.000000000,52350.000000000,4,2,4,1,NIYH6
2026-01-25T23:24:08.957612079Z,2026-01-25T23:24:08.956445327Z,1,1,7311,T,N,0,52340.000000000,2,0,13360,830476,52340.000000000,52350.000000000,2,2,2,2,NIYH6
2026-01-25T23:24:08.957612079Z,2026-01-25T23:24:08.956445327Z,1,1,7311,T,N,0,52335.000000000,3,0,13360,830476,52340.000000000,52350.000000000,2,2,2,2,NIYH6
2026-01-25T23:24:08.957872763Z,2026-01-25T23:24:08.957619009Z,1,1,7311,T,A,0,52335.000000000,1,0,13629,830483,52335.000000000,52345.000000000,1,1,1,1,NIYH6
2026-01-25T23:24:08.958977443Z,2026-01-25T23:24:08.958770229Z,1,1,7311,T,A,0,52330.000000000,2,0,12862,830548,52330.000000000,52335.000000000,2,2,2,2,NIYH6
2026-01-25T23:24:08.993231452Z,2026-01-25T23:24:08.992979677Z,1,1,7311,T,B,0,52335.000000000,1,0,12788,830578,52325.000000000,52335.000000000,2,3,2,3,NIYH6
2026-01-25T23:24:09.200987748Z,2026-01-25T23:24:09.200728783Z,1,1,7311,T,A,0,52325.000000000,2,0,12690,830870,52325.000000000,52330.000000000,2,1,2,1,NIYH6
2026-01-25T23:24:09.444468465Z,2026-01-25T23:24:09.444220485Z,1,1,7311,T,A,0,52320.000000000,1,0,13006,831066,52320.000000000,52325.000000000,1,4,1,3,NIYH6
2026-01-25T23:24:09.444808156Z,2026-01-25T23:24:09.444490349Z,1,1,7311,T,B,0,52320.000000000,1,0,13063,831080,52315.000000000,52320.000000000,1,1,1,1,NIYH6
2026-01-25T23:24:09.467042769Z,2026-01-25T23:24:09.466816089Z,1,1,7311,T,A,0,52315.000000000,1,0,14788,831107,52315.000000000,52320.000000000,1,1,1,1,NIYH6
2026-01-25T23:24:11.593681883Z,2026-01-25T23:24:11.593457775Z,1,1,7311,T,A,0,52310.000000000,1,0,12568,832877,52310.000000000,52315.000000000,1,1,1,1,NIYH6
2026-01-25T23:24:15.690982156Z,2026-01-25T23:24:15.690753557Z,1,1,7311,T,A,0,52295.000000000,1,0,15160,834574,52295.000000000,52305.000000000,3,1,3,1,NIYH6
2026-01-25T23:24:15.832108555Z,2026-01-25T23:24:15.831868823Z,1,1,7311,T,B,0,52300.000000000,1,0,14605,834671,52295.000000000,52300.000000000,2,1,2,1,NIYH6
2026-01-25T23:24:25.462167541Z,2026-01-25T23:24:25.461885463Z,1,1,7311,T,A,0,52295.000000000,2,0,14805,837942,52295.000000000,52305.000000000,3,1,3,1,NIYH6
2026-01-25T23:24:29.246691590Z,2026-01-25T23:24:29.246428929Z,1,1,7311,T,B,0,52300.000000000,1,0,16416,838763,52290.000000000,52300.000000000,5,1,4,1,NIYH6
2026-01-25T23:24:36.846362527Z,2026-01-25T23:24:36.846116255Z,1,1,7311,T,A,0,52295.000000000,2,0,12851,841754,52295.000000000,52310.000000000,2,5,2,5,NIYH6
2026-01-25T23:24:36.846806577Z,2026-01-25T23:24:36.846600841Z,1,1,7311,T,A,0,52290.000000000,1,0,12913,841774,52290.000000000,52305.000000000,1,4,1,4,NIYH6
2026-01-25T23:24:43.470779593Z,2026-01-25T23:24:43.470543827Z,1,1,7311,T,B,0,52300.000000000,1,0,12945,845070,52290.000000000,52300.000000000,2,2,2,2,NIYH6
2026-01-25T23:24:49.821903603Z,2026-01-25T23:24:49.819790277Z,1,1,7311,T,A,0,52295.000000000,1,0,12585,849254,52295.000000000,52305.000000000,1,2,1,2,NIYH6
2026-01-25T23:24:49.842356803Z,2026-01-25T23:24:49.842144699Z,1,1,7311,T,A,0,52290.000000000,1,0,13371,849642,52290.000000000,52305.000000000,2,4,2,4,NIYH6
2026-01-25T23:24:52.788922734Z,2026-01-25T23:24:52.788690177Z,1,1,7311,T,B,0,52305.000000000,1,0,12597,852680,52290.000000000,52305.000000000,2,3,2,3,NIYH6
2026-01-25T23:24:55.092773046Z,2026-01-25T23:24:55.092561571Z,1,1,7311,T,B,0,52310.000000000,1,0,13506,853767,52295.000000000,52310.000000000,2,2,2,2,NIYH6
2026-01-25T23:24:57.562678758Z,2026-01-25T23:24:57.562438771Z,1,1,7311,T,B,0,52320.000000000,1,0,13028,855294,52305.000000000,52320.000000000,2,1,2,1,NIYH6
2026-01-25T23:24:59.902216671Z,2026-01-25T23:24:59.901969477Z,1,1,7311,T,A,0,52315.000000000,1,0,13943,856312,52315.000000000,52325.000000000,1,2,1,2,NIYH6
2026-01-25T23:25:01.984144902Z,2026-01-25T23:25:01.983907431Z,1,1,7311,T,B,0,52325.000000000,1,0,13076,858888,52310.000000000,52325.000000000,3,3,3,3,NIYH6
2026-01-25T23:25:01.984178431Z,2026-01-25T23:25:01.983920467Z,1,1,7311,T,B,0,52325.000000000,1,0,12644,858889,52310.000000000,52325.000000000,3,2,3,2,NIYH6
2026-01-25T23:25:04.420141248Z,2026-01-25T23:25:04.419904433Z,1,1,7311,T,B,0,52325.000000000,1,0,13498,860117,52315.000000000,52325.000000000,1,2,1,2,NIYH6
2026-01-25T23:25:04.420214312Z,2026-01-25T23:25:04.419914647Z,1,1,7311,T,B,0,52325.000000000,1,0,11689,860119,52315.000000000,52325.000000000,1,1,1,1,NIYH6
2026-01-25T23:25:04.447714862Z,2026-01-25T23:25:04.447467331Z,1,1,7311,T,A,0,52320.000000000,1,0,12891,860404,52320.000000000,52335.000000000,3,1,3,1,NIYH6
2026-01-25T23:25:04.448178380Z,2026-01-25T23:25:04.447966607Z,1,1,7311,T,A,0,52320.000000000,1,0,12961,860415,52320.000000000,52330.000000000,1,1,1,1,NIYH6
2026-01-25T23:25:06.916142979Z,2026-01-25T23:25:06.915903643Z,1,1,7311,T,A,0,52315.000000000,1,0,13422,861778,52315.000000000,52330.000000000,2,4,2,4,NIYH6
2026-01-25T23:25:06.916347172Z,2026-01-25T23:25:06.916152079Z,1,1,7311,T,A,0,52315.000000000,1,0,13007,861780,52315.000000000,52330.000000000,1,4,1,4,NIYH6
2026-01-25T23:25:06.916645378Z,2026-01-25T23:25:06.916356531Z,1,1,7311,T,A,0,52310.000000000,4,0,13182,861787,52310.000000000,52325.000000000,4,1,4,1,NIYH6
2026-01-25T23:25:06.986010734Z,2026-01-25T23:25:06.985781981Z,1,1,7311,T,A,0,52300.000000000,1,0,13165,862031,52300.000000000,52305.000000000,1,1,1,1,NIYH6
2026-01-25T23:25:06.986498120Z,2026-01-25T23:25:06.986257083Z,1,1,7311,T,A,0,52295.000000000,1,0,13174,862054,52295.000000000,52300.000000000,1,1,1,1,NIYH6
2026-01-25T23:25:07.000500870Z,2026-01-25T23:25:07.000256961Z,1,1,7311,T,B,0,52295.000000000,1,0,13027,862164,52290.000000000,52295.000000000,2,1,2,1,NIYH6
2026-01-25T23:25:08.884472227Z,2026-01-25T23:25:08.884236545Z,1,1,7311,T,A,0,52290.000000000,1,0,14088,862897,52290.000000000,52305.000000000,3,1,3,1,NIYH6
2026-01-25T23:25:15.658708432Z,2026-01-25T23:25:15.658527091Z,1,1,7311,T,B,0,52295.000000000,1,0,13829,866397,52285.000000000,52295.000000000,1,1,1,1,NIYH6
2026-01-25T23:25:19.110074177Z,2026-01-25T23:25:19.109630361Z,1,1,7311,T,A,0,52285.000000000,5,0,17610,868600,52285.000000000,52305.000000000,5,2,5,2,NIYH6
2026-01-25T23:25:19.110074177Z,2026-01-25T23:25:19.109630361Z,1,1,7311,T,A,0,52280.000000000,4,0,17610,868600,52285.000000000,52305.000000000,5,2,5,2,NIYH6
2026-01-25T23:25:19.245891187Z,2026-01-25T23:25:19.245673425Z,1,1,7311,T,B,0,52270.000000000,1,0,13721,868822,52265.000000000,52270.000000000,2,1,2,1,NIYH6
2026-01-25T23:25:20.843428320Z,2026-01-25T23:25:20.843161183Z,1,1,7311,T,B,0,52275.000000000,3,0,12875,869553,52265.000000000,52275.000000000,3,3,3,3,NIYH6
2026-01-25T23:25:20.865900854Z,2026-01-25T23:25:20.865677913Z,1,1,7311,T,A,0,52270.000000000,1,0,13664,869606,52270.000000000,52285.000000000,3,1,3,1,NIYH6
2026-01-25T23:25:22.897467693Z,2026-01-25T23:25:22.897215653Z,1,1,7311,T,A,0,52270.000000000,1,0,14979,870370,52270.000000000,52280.000000000,1,2,1,2,NIYH6
2026-01-25T23:25:25.312786818Z,2026-01-25T23:25:25.312482311Z,1,1,7311,T,A,0,52265.000000000,4,0,13215,870999,52265.000000000,52280.000000000,4,3,4,3,NIYH6
2026-01-25T23:25:25.312786818Z,2026-01-25T23:25:25.312482311Z,1,1,7311,T,A,0,52260.000000000,1,0,13215,870999,52265.000000000,52280.000000000,4,3,4,3,NIYH6
2026-01-25T23:25:25.766943444Z,2026-01-25T23:25:25.766721945Z,1,1,7311,T,B,0,52255.000000000,1,0,13173,871758,52245.000000000,52255.000000000,4,1,3,1,NIYH6
2026-01-25T23:25:30.504886252Z,2026-01-25T23:25:30.504640677Z,1,1,7311,T,B,0,52250.000000000,2,0,13103,873669,52245.000000000,52250.000000000,4,2,3,1,NIYH6
2026-01-25T23:25:31.862245125Z,2026-01-25T23:25:31.862017433Z,1,1,7311,T,A,0,52245.000000000,1,0,11712,874245,52245.000000000,52260.000000000,6,1,5,1,NIYH6
2026-01-25T23:25:31.928634221Z,2026-01-25T23:25:31.928368179Z,1,1,7311,T,A,0,52245.000000000,4,0,14014,874304,52245.000000000,52260.000000000,4,2,3,2,NIYH6
2026-01-25T23:25:32.327634392Z,2026-01-25T23:25:32.327395239Z,1,1,7311,T,B,0,52240.000000000,2,0,13005,874549,52230.000000000,52240.000000000,3,2,2,2,NIYH6
2026-01-25T23:25:32.328022711Z,2026-01-25T23:25:32.327802397Z,1,1,7311,T,B,0,52245.000000000,2,0,12739,874563,52230.000000000,52245.000000000,3,2,2,2,NIYH6
2026-01-25T23:25:37.517823600Z,2026-01-25T23:25:37.517558137Z,1,1,7311,T,A,0,52235.000000000,1,0,16347,876176,52235.000000000,52255.000000000,4,2,3,2,NIYH6
